@article{Toftul2019Oct,
	author = {Toftul, I. D. and Bliokh, K. Y. and Petrov, M. I. and Nori, F.},
	title = {{Acoustic Radiation Force and Torque on Small Particles as Measures of the Canonical Momentum and Spin Densities}},
	journal = {Phys. Rev. Lett.},
	volume = {123},
	number = {18},
	pages = {183901},
	year = {2019},
	month = {10},
	issn = {1079-7114},
	publisher = {American Physical Society},
	doi = {10.1103/PhysRevLett.123.183901}
}