@article{geim2013van,
  title={Van der Waals heterostructures},
  author={Geim, Andre K and Grigorieva, Irina V},
  journal={Nature},
  volume={499},
  number={7459},
  pages={419--425},
  year={2013},
  publisher={Nature Publishing Group}
}

@article{shubnic2020high,
  title={High refractive index and extreme biaxial optical anisotropy of rhenium diselenide for applications in all-dielectric nanophotonics},
  author={Shubnic, Anton A and Polozkov, Roman G and Shelykh, Ivan A and Iorsh, Ivan V},
  journal={Nanophotonics},
  volume={9},
  number={16},
  pages={4737--4742},
  year={2020},
  publisher={De Gruyter}
}

@article{carr2017twistronics,
  title={Twistronics: Manipulating the electronic properties of two-dimensional layered structures through their twist angle},
  author={Carr, Stephen and Massatt, Daniel and Fang, Shiang and Cazeaux, Paul and Luskin, Mitchell and Kaxiras, Efthimios},
  journal={Phys. Rev. B},
  volume={95},
  number={7},
  pages={075420},
  year={2017},
  publisher={APS}
}

@article{zhang2015flux,
  title={Flux method growth of bulk MoS 2 single crystals and their application as a saturable absorber},
  author={Zhang, Xixia and Lou, Fei and Li, Chunlong and Zhang, Xiang and Jia, Ning and Yu, Tongtong and He, Jingliang and Zhang, Baitao and Xia, Haibing and Wang, Shanpeng and others},
  journal={CrystEngComm},
  volume={17},
  number={21},
  pages={4026--4032},
  year={2015},
  publisher={Royal Society of Chemistry}
}

@article{ubaldini2013chloride,
  title={Chloride-driven chemical vapor transport method for crystal growth of transition metal dichalcogenides},
  author={Ubaldini, Alberto and Jacimovic, Jacim and Ubrig, Nicolas and Giannini, Enrico},
  journal={Cryst. Growth Des.},
  volume={13},
  number={10},
  pages={4453--4459},
  year={2013},
  publisher={ACS Publications}
}

@article{tran2019evidence,
  title={Evidence for moir{\'e} excitons in van der Waals heterostructures},
  author={Tran, Kha and Moody, Galan and Wu, Fengcheng and Lu, Xiaobo and Choi, Junho and Kim, Kyounghwan and Rai, Amritesh and Sanchez, Daniel A and Quan, Jiamin and Singh, Akshay and Jacob, Embley and Zepeda, Andr{\'e} and Campbell, Marshall and Autry, Travis and Taniguchi, Takashi and Watanabe, Kenji and  Lu, Nanshu and   Banerjee, Sanjay K. and Silverman, Kevin L. and Kim, Suenne and Tutuc, Emanuel and Yang, Li and MacDonald, Allan H. and Li, Xiaoqin},
  journal={Nature},
  volume={567},
  number={7746},
  pages={71--75},
  year={2019},
  publisher={Nature Publishing Group}
}

@article{seyler2019signatures,
  title={Signatures of moir{\'e}-trapped valley excitons in MoSe 2/WSe 2 heterobilayers},
  author={Seyler, Kyle L and Rivera, Pasqual and Yu, Hongyi and Wilson, Nathan P and Ray, Essance L and Mandrus, David G and Yan, Jiaqiang and Yao, Wang and Xu, Xiaodong},
  journal={Nature},
  volume={567},
  number={7746},
  pages={66--70},
  year={2019},
  publisher={Nature Publishing Group}
}

@article{dai2020artificial,
  title={Artificial metaphotonics born naturally in two dimensions},
  author={Dai, Zhigao and Hu, Guangwei and Ou, Qingdong and Zhang, Lei and Xia, Fengnian and Garcia-Vidal, Francisco J and Qiu, Cheng-Wei and Bao, Qiaoliang},
  journal={Chem. Rev.},
  volume={120},
  number={13},
  pages={6197--6246},
  year={2020},
  publisher={ACS Publications}
}

@article{chen2016functionalization,
  title={Functionalization of two-dimensional transition-metal dichalcogenides},
  author={Chen, Xin and McDonald, Aidan R},
  journal={Adv. Mater.},
  volume={28},
  number={27},
  pages={5738--5746},
  year={2016},
  publisher={Wiley Online Library}
}

@article{shamsi2019metal,
  title={Metal halide perovskite nanocrystals: synthesis, post-synthesis modifications, and their optical properties},
  author={Shamsi, Javad and Urban, Alexander S and Imran, Muhammad and De Trizio, Luca and Manna, Liberato},
  journal={Chem. Rev.},
  volume={119},
  number={5},
  pages={3296--3348},
  year={2019},
  publisher={ACS Publications}
}

@article{zograf2021all,
  title={All-dielectric thermonanophotonics},
  author={Zograf, George P and Petrov, Mihail I and Makarov, Sergey V and Kivshar, Yuri S},
  journal={Adv. Opt. Photonics},
  volume={13},
  number={3},
  pages={643-702},
  year={2021}
}


@article{he2016monodisperse,
  title={Monodisperse dual-functional upconversion nanoparticles enabled near-infrared organolead halide perovskite solar cells},
  author={He, Ming and Pang, Xinchang and Liu, Xueqin and Jiang, Beibei and He, Yanjie and Snaith, Henry and Lin, Zhiqun},
  journal={Angew. Chem.},
  volume={128},
  number={13},
  pages={4352--4356},
  year={2016},
  publisher={Wiley Online Library}
}

@article{dunlap2018synthetic,
  title={Synthetic approaches for halide perovskite thin films},
  author={Dunlap-Shohl, Wiley A and Zhou, Yuanyuan and Padture, Nitin P and Mitzi, David B},
  journal={Chem. Rev.},
  volume={119},
  number={5},
  pages={3193--3295},
  year={2018},
  publisher={ACS Publications}
}

@article{li2020perovskite,
  title={Perovskite tandem solar cells: from fundamentals to commercial deployment},
  author={Li, Hui and Zhang, Wei},
  journal={Chem. Rev.},
  volume={120},
  number={18},
  pages={9835--9950},
  year={2020},
  publisher={ACS Publications}
}

@article{jena2019halide,
  title={Halide perovskite photovoltaics: background, status, and future prospects},
  author={Jena, Ajay Kumar and Kulkarni, Ashish and Miyasaka, Tsutomu},
  journal={Chem. Rev.},
  volume={119},
  number={5},
  pages={3036--3103},
  year={2019},
  publisher={ACS Publications}
}

@article{gets2021reconfigurable,
  title={Reconfigurable perovskite lec: Effects of ionic additives and dual function devices},
  author={Gets, Dmitry and Alahbakhshi, Masoud and Mishra, Aditya and Haroldson, Ross and Papadimitratos, Alexios and Ishteev, Artur and Saranin, Danila and Anoshkin, Sergey and Pushkarev, Anatoly and Danilovskiy, Eduard and others},
  journal={Adv. Opt. Mater.},
  volume={9},
  number={3},
  pages={2001715},
  year={2021},
  publisher={Wiley Online Library}
}

﻿@Article{dou2014solution,
author={Dou, Letian
and Yang, Yang (Micheal)
and You, Jingbi
and Hong, Ziruo
and Chang, Wei-Hsuan
and Li, Gang
and Yang, Yang},
title={Solution-processed hybrid perovskite photodetectors with high detectivity},
journal={Nat. Commun.},
year={2014},
month={Nov},
day={20},
volume={5},
number={1},
pages={5404},
issn={2041-1723},
doi={10.1038/ncomms6404},
url={https://doi.org/10.1038/ncomms6404}
}



@article{wei2016sensitive,
  title={Sensitive X-ray detectors made of methylammonium lead tribromide perovskite single crystals},
  author={Wei, Haotong and Fang, Yanjun and Mulligan, Padhraic and Chuirazzi, William and Fang, Hong-Hua and Wang, Congcong and Ecker, Benjamin R and Gao, Yongli and Loi, Maria Antonietta and Cao, Lei and others},
  journal={Nat.  Photon.},
  volume={10},
  number={5},
  pages={333--339},
  year={2016},
  publisher={Nature Publishing Group}
}

@article{marunchenko2021single,
  title={Single-walled carbon nanotube thin film for flexible and highly responsive perovskite photodetector},
  author={Marunchenko, Alexander and Gets, Dmitry and Pushkarev, Anatoly and Makarov, Sergey},
  journal={Adv. Funct. Mater.},
 volume={32},
  number={12},
  pages={2109834},
  year={2022},
  publisher={Wiley Online Library}
}

@article{choi2015zinc,
  title={Zinc oxide nanophotonics},
  author={Choi, Sumin and Aharonovich, Igor},
  journal={Nanophotonics},
  volume={4},
  number={4},
  pages={437--458},
  year={2015},
  publisher={De Gruyter Open}
}

@article{karvounis2020barium,
  title={Barium titanate nanostructures and thin films for photonics},
  author={Karvounis, Artemios and Timpu, Flavia and Vogler-Neuling, Viola V and Savo, Romolo and Grange, Rachel},
  journal={Adv. Opt. Mater.},
  volume={8},
  number={24},
  pages={2001249},
  year={2020},
  publisher={Wiley Online Library}
}

@Article{chen2018tungsten,
author={Chen, Jiawei
and Wang, Kai
and Long, Hua
and Han, Xiaobo
and Hu, Hongbo
and Liu, Weiwei
and Wang, Bing
and Lu, Peixiang},
title={Tungsten Disulfide--Gold Nanohole Hybrid Metasurfaces for Nonlinear Metalenses in the Visible Region},
journal={Nano  Lett.},
year={2018},
month={Feb},
day={14},
publisher={American Chemical Society},
volume={18},
number={2},
pages={1344-1350},
issn={1530-6984},
doi={10.1021/acs.nanolett.7b05033},
url={https://doi.org/10.1021/acs.nanolett.7b05033}
}

﻿@Article{wang2016giant,
author={Wang, Zhuo
and Dong, Zhaogang
and Gu, Yinghong
and Chang, Yung-Huang
and Zhang, Lei
and Li, Lain-Jong
and Zhao, Weijie
and Eda, Goki
and Zhang, Wenjing
and Grinblat, Gustavo
and Maier, Stefan A.
and Yang, Joel K. W.
and Qiu, Cheng-Wei
and Wee, Andrew T. S.},
title={Giant photoluminescence enhancement in tungsten-diselenide--gold plasmonic hybrid structures},
journal={Nat. Commun.},
year={2016},
month={May},
day={06},
volume={7},
number={1},
pages={11283},
issn={2041-1723},
doi={10.1038/ncomms11283},
url={https://doi.org/10.1038/ncomms11283}
}



@article{chen2017enhanced,
  title={Enhanced directional emission from monolayer WSe2 integrated onto a multiresonant silicon-based photonic structure},
  author={Chen, Haitao and Nanz, Stefan and Abass, Aimi and Yan, Jingshi and Gao, Tingge and Choi, Duk-Yong and Kivshar, Yuri S and Rockstuhl, Carsten and Neshev, Dragomir N},
  journal={ACS Photonics},
  volume={4},
  number={12},
  pages={3031--3038},
  year={2017},
  publisher={ACS Publications}
}

@article{malard2013observation,
  title={Observation of intense second harmonic generation from MoS 2 atomic crystals},
  author={Malard, Leandro M and Alencar, Thonimar V and Barboza, Ana Paula M and Mak, Kin Fai and De Paula, Ana M},
  journal={Phys. Rev. B},
  volume={87},
  number={20},
  pages={201401},
  year={2013},
  publisher={APS}
}

@article{castellanos2014deterministic,
  title={Deterministic transfer of two-dimensional materials by all-dry viscoelastic stamping},
  author={Castellanos-Gomez, Andres and Buscema, Michele and Molenaar, Rianda and Singh, Vibhor and Janssen, Laurens and Van Der Zant, Herre SJ and Steele, Gary A},
  journal={2D Mater.},
  volume={1},
  number={1},
  pages={011002},
  year={2014},
  publisher={IOP Publishing}
}

@article{gurarslan2014surface,
  title={Surface-energy-assisted perfect transfer of centimeter-scale monolayer and few-layer MoS2 films onto arbitrary substrates},
  author={Gurarslan, Alper and Yu, Yifei and Su, Liqin and Yu, Yiling and Suarez, Francisco and Yao, Shanshan and Zhu, Yong and Ozturk, Mehmet and Zhang, Yong and Cao, Linyou},
  journal={ACS Nano},
  volume={8},
  number={11},
  pages={11522--11528},
  year={2014},
  publisher={ACS Publications}
}

@article{munkhbat2022nanostructured,
  title={Nanostructured transition metal dichalcogenide multilayers for advanced nanophotonics},
  author={Munkhbat, Battulga and K{\"u}{\c{c}}{\"u}k{\"o}z, Bet{\"u}l and Baranov, Denis G and Antosiewicz, Tomasz J and Shegai, Timur O},
  journal={arXiv:2202.04898},
  year={2022}
}

@article{xu2014spin,
  title={Spin and pseudospins in layered transition metal dichalcogenides},
  author={Xu, Xiaodong and Yao, Wang and Xiao, Di and Heinz, Tony F},
  journal={Nat. Phys.},
  volume={10},
  number={5},
  pages={343--350},
  year={2014},
  publisher={Nature Publishing Group}
}

@article{zhu2011giant,
  title={Giant spin-orbit-induced spin splitting in two-dimensional transition-metal dichalcogenide semiconductors},
  author={Zhu, Zhiyong Y and Cheng, Yingchun C and Schwingenschl{\"o}gl, Udo},
  journal={Phys. Rev. B},
  volume={84},
  number={15},
  pages={153402},
  year={2011},
  publisher={APS}
}

@article{zhu2014exciton,
  title={Exciton valley dynamics probed by Kerr rotation in WSe 2 monolayers},
  author={Zhu, CR and Zhang, K and Glazov, M and Urbaszek, B and Amand, Thierry and Ji, ZW and Liu, BL and Marie, Xavier},
  journal={Phys. Rev. B},
  volume={90},
  number={16},
  pages={161302},
  year={2014},
  publisher={APS}
}

@article{weston2020atomic,
  title={Atomic reconstruction in twisted bilayers of transition metal dichalcogenides},
  author={Weston, Astrid and Zou, Yichao and Enaldiev, Vladimir and Summerfield, Alex and Clark, Nicholas and Z{\'o}lyomi, Viktor and Graham, Abigail and Yelgel, Celal and Magorrian, Samuel and Zhou, Mingwei and others},
  journal={Nat. Nanotechnol.},
  volume={15},
  number={7},
  pages={592--597},
  year={2020},
  publisher={Nature Publishing Group}
}

@article{mupparapu2020integration,
  title={Integration of two-dimensional transition metal dichalcogenides with Mie-resonant dielectric nanostructures},
  author={Mupparapu, Rajeshkumar and Bucher, Tobias and Staude, Isabelle},
  journal={Adv. Phys.: X},
  volume={5},
  number={1},
  pages={1734083},
  year={2020},
  publisher={Taylor \& Francis}
}

@article{bucher2019tailoring,
  title={Tailoring photoluminescence from MoS2 monolayers by Mie-resonant metasurfaces},
  author={Bucher, Tobias and Vaskin, Aleksandr and Mupparapu, Rajeshkumar and L{\"o}chner, Franz JF and George, Antony and Chong, Katie E and Fasold, Stefan and Neumann, Christof and Choi, Duk-Yong and Eilenberger, Falk and others},
  journal={ACS Photonics},
  volume={6},
  number={4},
  pages={1002--1009},
  year={2019},
  publisher={ACS Publications}
}

@article{loechner2020hybrid,
  title={Hybrid dielectric metasurfaces for enhancing second-harmonic generation in chemical vapor deposition grown MoS2 monolayers},
  author={Lochner, Franz JF and George, Antony and Koshelev, Kirill and Bucher, Tobias and Najafidehaghani, Emad and Fedotova, Anna and Choi, Duk-Yong and Pertsch, Thomas and Staude, Isabelle and Kivshar, Yuri and others},
  journal={ACS Photonics},
  volume={8},
  number={1},
  pages={218--227},
  year={2020},
  publisher={ACS Publications}
}

@article{cadiz2017excitonic,
  title={Excitonic linewidth approaching the homogeneous limit in MoS 2-based van der Waals heterostructures},
  author={Cadiz, Fabian and Courtade, Emmanuel and Robert, C{\'e}dric and Wang, Gang and Shen, Y and Cai, Hui and Taniguchi, Takashi and Watanabe, Kenji and Carrere, Helene and Lagarde, Delphine and others},
  journal={Phys. Rev. X},
  volume={7},
  number={2},
  pages={021026},
  year={2017},
  publisher={APS}
}

@article{lien2019electrical,
  title={Electrical suppression of all nonradiative recombination pathways in monolayer semiconductors},
  author={Lien, Der-Hsien and Uddin, Shiekh Zia and Yeh, Matthew and Amani, Matin and Kim, Hyungjin and Ager, Joel W and Yablonovitch, Eli and Javey, Ali},
  journal={Science},
  volume={364},
  number={6439},
  pages={468--471},
  year={2019},
  publisher={American Association for the Advancement of Science}
}

@article{komar2017electrically,
  title={Electrically tunable all-dielectric optical metasurfaces based on liquid crystals},
  author={Komar, Andrei and Fang, Zheng and Bohn, Justus and Sautter, J{\"u}rgen and Decker, Manuel and Miroshnichenko, Andrey and Pertsch, Thomas and Brener, Igal and Kivshar, Yuri S and Staude, Isabelle and others},
  journal={Applied Physics Letters},
  volume={110},
  number={7},
  pages={071109},
  year={2017},
  publisher={AIP Publishing LLC}
}

@article{li2019phase,
  title={Phase-only transmissive spatial light modulator based on tunable dielectric metasurface},
  author={Li, Shi-Qiang and Xu, Xuewu and Maruthiyodan Veetil, Rasna and Valuckas, Vytautas and Paniagua-Dom{\'\i}nguez, Ram{\'o}n and Kuznetsov, Arseniy I},
  journal={Science},
  volume={364},
  number={6445},
  pages={1087--1090},
  year={2019},
  publisher={American Association for the Advancement of Science}
}

@article{komar2018dynamic,
  title={Dynamic beam switching by liquid crystal tunable dielectric metasurfaces},
  author={Komar, Andrei and Paniagua-Dominguez, Ramon and Miroshnichenko, Andrey and Yu, Ye Feng and Kivshar, Yuri S and Kuznetsov, Arseniy I and Neshev, Dragomir},
  journal={ACS Photonics},
  volume={5},
  number={5},
  pages={1742--1748},
  year={2018},
  publisher={ACS Publications}
}

@article{galfsky2016broadband,
  title={Broadband enhancement of spontaneous emission in two-dimensional semiconductors using photonic hypercrystals},
  author={Galfsky, Tal and Sun, Zheng and Considine, Christopher R and Chou, Cheng-Tse and Ko, Wei-Chun and Lee, Yi-Hsien and Narimanov, Evgenii E and Menon, Vinod M},
  journal={Nano  Lett.},
  volume={16},
  number={8},
  pages={4940--4945},
  year={2016},
  publisher={ACS Publications}
}

@article{schaibley2016valleytronics,
  title={Valleytronics in 2D materials},
  author={Schaibley, John R and Yu, Hongyi and Clark, Genevieve and Rivera, Pasqual and Ross, Jason S and Seyler, Kyle L and Yao, Wang and Xu, Xiaodong},
  journal={Nat. Rev. Mater.},
  volume={1},
  number={11},
  pages={1--15},
  year={2016},
  publisher={Nature Publishing Group}
}

@article{wu2015monolayer,
  title={Monolayer semiconductor nanocavity lasers with ultralow thresholds},
  author={Wu, Sanfeng and Buckley, Sonia and Schaibley, John R and Feng, Liefeng and Yan, Jiaqiang and Mandrus, David G and Hatami, Fariba and Yao, Wang and Vu{\v{c}}kovi{\'c}, Jelena and Majumdar, Arka and others},
  journal={Nature},
  volume={520},
  number={7545},
  pages={69--72},
  year={2015},
  publisher={Nature Publishing Group}
}

@Article{li2022room,
author={Li, Chun
and Zhao, Liyun
and Shang, Qiuyu
and Wang, Ruonan
and Bai, Peng
and Zhang, Jun
and Gao, Yunan
and Cao, Qiang
and Wei, Zhongming
and Zhang, Qing},
title={Room-temperature near-infrared excitonic lasing from mechanically exfoliated InSe microflake},
journal={ACS Nano},
year={2022},
month={Jan},
day={25},
publisher={American Chemical Society},
volume={16},
number={1},
pages={1477-1485},
issn={1936-0851},
doi={10.1021/acsnano.1c09844},
url={https://doi.org/10.1021/acsnano.1c09844}
}



@article{paik2019interlayer,
  title={Interlayer exciton laser of extended spatial coherence in atomically thin heterostructures},
  author={Paik, Eunice Y and Zhang, Long and Burg, G William and Gogna, Rahul and Tutuc, Emanuel and Deng, Hui},
  journal={Nature},
  volume={576},
  number={7785},
  pages={80--84},
  year={2019},
  publisher={Nature Publishing Group}
}

@article{zhang2017unidirectional,
  title={Unidirectional doubly enhanced MoS2 emission via photonic Fano resonances},
  author={Zhang, Xingwang and Choi, Shinhyuk and Wang, Dake and Naylor, Carl H and Johnson, AT Charlie and Cubukcu, Ertugrul},
  journal={Nano  Lett.},
  volume={17},
  number={11},
  pages={6715--6720},
  year={2017},
  publisher={ACS Publications}
}

@article{beal1979kramers,
  title={Kramers-Kronig analysis of the reflectivity spectra of 2H-MoS2, 2H-MoSe2 and 2H-MoTe2},
  author={Beal, AR and Hughes, HP},
  journal={J. Phys. C: Solid State Phys.},
  volume={12},
  number={5},
  pages={881},
  year={1979},
  publisher={IOP Publishing}
}

@article{dong2013basic,
  title={Basic understanding of the lanthanide related upconversion emissions},
  author={Dong, Hao and Sun, Ling-Dong and Yan, Chun-Hua},
  journal={Nanoscale},
  volume={5},
  number={13},
  pages={5703--5714},
  year={2013},
  publisher={Royal Society of Chemistry}
}

@article{guzelturk2014amplified,
  title={Amplified spontaneous emission and lasing in colloidal nanoplatelets},
  author={Guzelturk, Burak and Kelestemur, Yusuf and Olutas, Murat and Delikanli, Savas and Demir, Hilmi Volkan},
  journal={ACS Nano},
  volume={8},
  number={7},
  pages={6599--6605},
  year={2014},
  publisher={ACS Publications}
}



@article{liu2013lanthanide,
  title={Lanthanide-doped luminescent nanoprobes: controlled synthesis, optical spectroscopy, and bioapplications},
  author={Liu, Yongsheng and Tu, Datao and Zhu, Haomiao and Chen, Xueyuan},
  journal={Chem. Soc. Rev.},
  volume={42},
  number={16},
  pages={6924--6958},
  year={2013},
  publisher={Royal Society of Chemistry}
}

@article{mendez2019control,
  title={Control of upconversion luminescence by gold nanoparticle size: from quenching to enhancement},
  author={Mendez-Gonzalez, Diego and Melle, Sonia and Calder{\'o}n, Oscar G and Laurenti, Marco and Cabrera-Granado, Eduardo and Egatz-G{\'o}mez, Ana and L{\'o}pez-Cabarcos, Enrique and Rubio-Retama, Jorge and D{\'\i}az, Elena},
  journal={Nanoscale},
  volume={11},
  number={29},
  pages={13832--13844},
  year={2019},
  publisher={Royal Society of Chemistry}
}

@article{zhou2021perovskites,
  title={Perovskites: Multiphoton absorption and applications},
  author={Zhou, Feng and Ran, Xing and Fan, Dianyuan and Lu, Shunbin and Ji, Wei},
  journal={Adv. Opt. Mater.},
  pages={2100292},
  year={2021},
  publisher={Wiley Online Library}
}

﻿@Article{li2015ultralow,
author={Li, Mingjie
and Zhi, Min
and Zhu, Hai
and Wu, Wen-Ya
and Xu, Qing-Hua
and Jhon, Mark Hyunpong
and Chan, Yinthai},
title={Ultralow-threshold multiphoton-pumped lasing from colloidal nanoplatelets in solution},
journal={Nat. Commun.},
year={2015},
month={Sep},
day={30},
volume={6},
number={1},
pages={8513},
issn={2041-1723},
doi={10.1038/ncomms9513},
url={https://doi.org/10.1038/ncomms9513}
}



@article{huang2014lanthanide,
  title={Lanthanide-doped LiLuF4 upconversion nanoprobes for the detection of disease biomarkers},
  author={Huang, Ping and Zheng, Wei and Zhou, Shanyong and Tu, Datao and Chen, Zhuo and Zhu, Haomiao and Li, Renfu and Ma, En and Huang, Mingdong and Chen, Xueyuan},
  journal={Angew. Chem.},
  volume={126},
  number={5},
  pages={1276--1281},
  year={2014},
  publisher={Wiley Online Library}
}

﻿@Article{wu2021dynamic,
author={Wu, Yiming
and Xu, Jiahui
and Qin, Xian
and Xu, Jun
and Liu, Xiaogang},
title={Dynamic upconversion multicolour editing enabled by molecule-assisted opto-electrochemical modulation},
journal={Nat. Commun.},
year={2021},
month={Apr},
day={01},
volume={12},
number={1},
pages={2022},
issn={2041-1723},
doi={10.1038/s41467-021-22387-7},
url={https://doi.org/10.1038/s41467-021-22387-7}
}



@article{hao2011electric,
  title={Electric-induced enhancement and modulation of upconversion photoluminescence in epitaxial BaTiO3: Yb/Er thin films},
  author={Hao, Jianhua and Zhang, Yang and Wei, Xianhua},
  journal={Angew. Chem. Int. Ed.},
  volume={50},
  number={30},
  pages={6876--6880},
  year={2011},
  publisher={Wiley Online Library}
}

@article{kravets2018plasmonic,
  title={Plasmonic surface lattice resonances: a review of properties and applications},
  author={Kravets, Vasyl G and Kabashin, Andrei V and Barnes, William L and Grigorenko, Alexander N},
  journal={Chem. Rev.},
  volume={118},
  number={12},
  pages={5912--5951},
  year={2018},
  publisher={ACS Publications}
}

@article{jiang2017active,
  title={Active plasmonics: principles, structures, and applications},
  author={Jiang, Nina and Zhuo, Xiaolu and Wang, Jianfang},
  journal={Chem. Rev.},
  volume={118},
  number={6},
  pages={3054--3099},
  year={2017},
  publisher={ACS Publications}
}

@article{schuller2010plasmonics,
  title={Plasmonics for extreme light concentration and manipulation},
  author={Schuller, Jon A and Barnard, Edward S and Cai, Wenshan and Jun, Young Chul and White, Justin S and Brongersma, Mark L},
  journal={Nat. Mater.},
  volume={9},
  number={3},
  pages={193--204},
  year={2010},
  publisher={Nature Publishing Group}
}

@article{xiao2016dynamically,
author={Xiao, Quanlan
and Zhang, Yuanhao
and Zhang, Han
and Dong, Guoping
and Han, Junbo
and Qiu, Jianrong},
title={Dynamically tuning the up-conversion luminescence of Er3+/Yb3+ co-doped sodium niobate nano-crystals through magnetic field},
journal={Sci. Rep.},
year={2016},
month={Aug},
day={09},
volume={6},
number={1},
pages={31327},
issn={2045-2322},
doi={10.1038/srep31327},
url={https://doi.org/10.1038/srep31327}
}


@article{liu2013magnetic,
  title={Magnetic tuning of upconversion luminescence in lanthanide-doped bifunctional nanocrystals},
  author={Liu, Yunxin and Wang, Dingsheng and Shi, Jianxin and Peng, Qing and Li, Yadong},
  journal={Angew. Chem.},
  volume={125},
  number={16},
  pages={4462--4465},
  year={2013},
  publisher={Wiley Online Library}
}

@article{wisser2015strain,
  title={Strain-induced modification of optical selection rules in lanthanide-based upconverting nanoparticles},
  author={Wisser, Michael D and Chea, Maverick and Lin, Yu and Wu, Di M and Mao, Wendy L and Salleo, Alberto and Dionne, Jennifer A},
  journal={Nano  Lett.},
  volume={15},
  number={3},
  pages={1891--1897},
  year={2015},
  publisher={ACS Publications}
}

@article{gonzalez2015upconversion,
  title={Upconversion luminescent nanoparticles in physical sensing and in monitoring physical processes in biological samples},
  author={Gonz{\'a}lez-B{\'e}jar, Mar{\'\i}a and P{\'e}rez-Prieto, Julia},
  journal={Methods Appl. Fluoresc.},
  volume={3},
  number={4},
  pages={042002},
  year={2015},
  publisher={IOP Publishing}
}

@article{tsai2019upconversion,
  title={Upconversion nanoparticles for sensing pH},
  author={Tsai, Evaline S and Himmelsto{\ss}, Sandy F and Wiesholler, Lisa M and Hirsch, Thomas and Hall, Elizabeth AH},
  journal={Analyst},
  volume={144},
  number={18},
  pages={5547--5557},
  year={2019},
  publisher={Royal Society of Chemistry}
}

@Article{shang2020low,
author={Shang, Yunfei
and Zhou, Jiajia
and Cai, Yangjian
and Wang, Fan
and Fernandez-Bravo, Angel
and Yang, Chunhui
and Jiang, Lei
and Jin, Dayong},
title={Low threshold lasing emissions from a single upconversion nanocrystal},
journal={Nat. Commun.},
year={2020},
month={Dec},
day={01},
volume={11},
number={1},
pages={6156},
issn={2041-1723},
doi={10.1038/s41467-020-19797-4},
url={https://doi.org/10.1038/s41467-020-19797-4}
}



@Article{liang2019upconversion,
author={Liang, Liangliang
and Teh, Daniel B. L.
and Dinh, Ngoc-Duy
and Chen, Weiqiang
and Chen, Qiushui
and Wu, Yiming
and Chowdhury, Srikanta
and Yamanaka, Akihiro
and Sum, Tze Chien
and Chen, Chia-Hung
and Thakor, Nitish V.
and All, Angelo H.
and Liu, Xiaogang},
title={Upconversion amplification through dielectric superlensing modulation},
journal={Nat. Commun.},
year={2019},
month={Mar},
day={27},
volume={10},
number={1},
pages={1391},
issn={2041-1723},
doi={10.1038/s41467-019-09345-0},
url={https://doi.org/10.1038/s41467-019-09345-0}
}

@misc{NREL,
  title = {Best Research-Cell Efficiency Chart},
  howpublished = {\url{https://www.nrel.gov/pv/cell-efficiency.html}},
  author = "{National Renewable Energy Laboratory}",
  note = { }
}

@article{xu2019rational,
  title={Rational molecular passivation for high-performance perovskite light-emitting diodes},
  author={Xu, Weidong and Hu, Qi and Bai, Sai and Bao, Chunxiong and Miao, Yanfeng and Yuan, Zhongcheng and Borzda, Tetiana and Barker, Alex J and Tyukalova, Elizaveta and Hu, Zhangjun and others},
  journal={Nat. Photonics},
  volume={13},
  number={6},
  pages={418--424},
  year={2019},
  publisher={Nature Publishing Group}
}

@article{ye2021defect,
  title={Defect passivation in lead-halide perovskite nanocrystals and thin films: toward efficient LEDs and solar cells},
  author={Ye, Junzhi and Byranvand, Mahdi Malekshahi and Mart{\'\i}nez, Clara Otero and Hoye, Robert LZ and Saliba, Michael and Polavarapu, Lakshminarayana},
  journal={Angew. Chem.},
  volume={133},
  number={40},
  pages={21804--21828},
  year={2021},
  publisher={Wiley Online Library}
}

@article{van2020exciton,
  title={Exciton resonance tuning of an atomically thin lens},
  author={van de Groep, Jorik and Song, Jung-Hwan and Celano, Umberto and Li, Qitong and Kik, Pieter G and Brongersma, Mark L},
  journal={Nat. Photonics},
  volume={14},
  number={7},
  pages={426--430},
  year={2020},
  publisher={Nature Publishing Group}
}

﻿@Article{abdollahramezani2022electrically,
author={Abdollahramezani, Sajjad
and Hemmatyar, Omid
and Taghinejad, Mohammad
and Taghinejad, Hossein
and Krasnok, Alex
and Eftekhar, Ali A.
and Teichrib, Christian
and Deshmukh, Sanchit
and El-Sayed, Mostafa A.
and Pop, Eric
and Wuttig, Matthias
and Al\'u, Andrea
and Cai, Wenshan
and Adibi, Ali},
title={Electrically driven reprogrammable phase-change metasurface reaching 80{\%} efficiency},
journal={Nat. Commun.},
year={2022},
month={Mar},
day={30},
volume={13},
number={1},
pages={1696},
issn={2041-1723},
doi={10.1038/s41467-022-29374-6},
url={https://doi.org/10.1038/s41467-022-29374-6}
}



@article{saliba2016cesium,
  title={Cesium-containing triple cation perovskite solar cells: improved stability, reproducibility and high efficiency},
  author={Saliba, Michael and Matsui, Taisuke and Seo, Ji-Youn and Domanski, Konrad and Correa-Baena, Juan-Pablo and Nazeeruddin, Mohammad Khaja and Zakeeruddin, Shaik M and Tress, Wolfgang and Abate, Antonio and Hagfeldt, Anders and others},
  journal={Energy Environ. Sci.},
  volume={9},
  number={6},
  pages={1989--1997},
  year={2016},
  publisher={Royal Society of Chemistry}
}

@article{gao2020recent,
  title={Recent progresses on defect passivation toward efficient perovskite solar cells},
  author={Gao, Feng and Zhao, Yang and Zhang, Xingwang and You, Jingbi},
  journal={Adv. Energy Mater.},
  volume={10},
  number={13},
  pages={1902650},
  year={2020},
  publisher={Wiley Online Library}
}


@article{fernandez2018continuous,
  title={Continuous-wave upconverting nanoparticle microlasers},
  author={Fernandez-Bravo, Angel and Yao, Kaiyuan and Barnard, Edward S and Borys, Nicholas J and Levy, Elizabeth S and Tian, Bining and Tajon, Cheryl A and Moretti, Luca and Altoe, M Virginia and Aloni, Shaul and others},
  journal={Nat. Nanotechnol.},
  volume={13},
  number={7},
  pages={572--577},
  year={2018},
  publisher={Nature Publishing Group}
}

@article{haider2018highly,
  title={A highly-efficient single segment white random laser},
  author={Haider, Golam and Lin, Hung-I and Yadav, Kanchan and Shen, Kun-Ching and Liao, Yu-Ming and Hu, Han-Wen and Roy, Pradip Kumar and Bera, Krishna Prasad and Lin, Kung-Hsuan and Lee, Hsien-Ming and others},
  journal={ACS Nano},
  volume={12},
  number={12},
  pages={11847--11859},
  year={2018},
  publisher={ACS Publications}
}

@article{dey2021state,
  title={State of the art and prospects for halide perovskite nanocrystals},
  author={Dey, Amrita and Ye, Junzhi and De, Apurba and Debroye, Elke and Ha, Seung Kyun and Bladt, Eva and Kshirsagar, Anuraj S and Wang, Ziyu and Yin, Jun and Wang, Yue and others},
  journal={ACS Nano},
  year={2021},
  publisher={ACS Publications}
}



@article{levy2016energy,
  title={Energy-looping nanoparticles: harnessing excited-state absorption for deep-tissue imaging},
  author={Levy, Elizabeth S and Tajon, Cheryl A and Bischof, Thomas S and Iafrati, Jillian and Fernandez-Bravo, Angel and Garfield, David J and Chamanzar, Maysamreza and Maharbiz, Michel M and Sohal, Vikaas S and Schuck, P James and others},
  journal={ACS Nano},
  volume={10},
  number={9},
  pages={8423--8433},
  year={2016},
  publisher={ACS Publications}
}

@article{larin2021luminescent,
  title={Luminescent erbium-doped silicon thin films for advanced anti-counterfeit labels},
  author={Larin, Artem O and Dvoretckaia, Liliia N and Mozharov, Alexey M and Mukhin, Ivan S and Cherepakhin, Artem B and Shishkin, Ivan I and Ageev, Eduard I and Zuev, Dmitry A},
  journal={Adv. Mater.},
  volume={33},
  number={16},
  pages={2005886},
  year={2021},
  publisher={Wiley Online Library}
}

@article{tripathi2021topological,
  title={Topological nanophotonics for photoluminescence control},
  author={Tripathi, Aditya and Kruk, Sergey and Shang, Yunfei and Zhou, Jiajia and Kravchenko, Ivan and Jin, Dayong and Kivshar, Yuri},
  journal={Nanophotonics},
  volume={10},
  number={1},
  pages={435--441},
  year={2021},
  publisher={De Gruyter}
}

@article{gong2019upconversion,
  title={Upconversion enhancement by a dual-resonance all-dielectric metasurface},
  author={Gong, Chensheng and Liu, Wen and He, Nan and Dong, Hongguang and Jin, Yi and He, Sailing},
  journal={Nanoscale},
  volume={11},
  number={4},
  pages={1856--1862},
  year={2019},
  publisher={Royal Society of Chemistry}
}

@article{xu2021multiphoton,
  title={Multiphoton upconversion enhanced by deep subwavelength near-field confinement},
  author={Xu, Jiahui and Dong, Zhaogang and Asbahi, Mohamed and Wu, Yiming and Wang, Hao and Liang, Liangliang and Ng, Ray Jia Hong and Liu, Hailong and Vall{\'e}e, Renaud AL and Yang, Joel KW and others},
  journal={Nano  Lett.},
  volume={21},
  number={7},
  pages={3044--3051},
  year={2021},
  publisher={ACS Publications}
}

@article{zhou2020single,
  title={Single-particle spectroscopy for functional nanomaterials},
  author={Zhou, Jiajia and Chizhik, Alexey I and Chu, Steven and Jin, Dayong},
  journal={Nature},
  volume={579},
  number={7797},
  pages={41--50},
  year={2020},
  publisher={Nature Publishing Group}
}

@Article{wen2018advances,
author={Wen, Shihui
and Zhou, Jiajia
and Zheng, Kezhi
and Bednarkiewicz, Artur
and Liu, Xiaogang
and Jin, Dayong},
title={Advances in highly doped upconversion nanoparticles},
journal={Nat. Commun.},
year={2018},
month={Jun},
day={20},
volume={9},
number={1},
pages={2415},
issn={2041-1723},
doi={10.1038/s41467-018-04813-5},
url={https://doi.org/10.1038/s41467-018-04813-5}
}



@article{kasperczyk2015excitation,
  title={Excitation of magnetic dipole transitions at optical frequencies},
  author={Kasperczyk, Mark and Person, Steven and Ananias, Duarte and Carlos, Luis D and Novotny, Lukas},
  journal={Phys. Rev. Lett.},
  volume={114},
  number={16},
  pages={163903},
  year={2015},
  publisher={APS}
}

@article{bakker2015magnetic,
  title={Magnetic and electric hotspots with silicon nanodimers},
  author={Bakker, Reuben M and Permyakov, Dmitry and Yu, Ye Feng and Markovich, Dmitry and Paniagua-Dom{\'\i}nguez, Ram{\'o}n and Gonzaga, Leonard and Samusev, Anton and Kivshar, Yuri and Luk’yanchuk, Boris and Kuznetsov, Arseniy I},
  journal={Nano  Lett.},
  volume={15},
  number={3},
  pages={2137--2142},
  year={2015},
  publisher={ACS Publications}
}

@article{Zograf:21,
author = {George P. Zograf and Mihail I. Petrov and Sergey V. Makarov and Yuri S. Kivshar},
journal = {Adv. Opt. Photon.},
number = {3},
pages = {643--702},
publisher = {OSA},
title = {All-dielectric thermonanophotonics},
volume = {13},
month = {Sep},
year = {2021},
}

@article{kruk2019nonlinear,
  title={Nonlinear light generation in topological nanostructures},
  author={Kruk, Sergey and Poddubny, Alexander and Smirnova, Daria and Wang, Lei and Slobozhanyuk, Alexey and Shorokhov, Alexander and Kravchenko, Ivan and Luther-Davies, Barry and Kivshar, Yuri},
  journal={Nat. Nanotechnol.},
  volume={14},
  number={2},
  pages={126--130},
  year={2019},
  publisher={Nature Publishing Group}
}

@article{rodriguez2016determining,
  title={Determining the 3D orientation of optically trapped upconverting nanorods by in situ single-particle polarized spectroscopy},
  author={Rodr{\'\i}guez-Sevilla, Paloma and Labrador-P{\'a}ez, Luc{\'\i}a and Wawrzy{\'n}czyk, Dominika and Nyk, Marcin and Samo{\'c}, Marek and Kar, Ajoy Kumar and Mackenzie, Mark D and Paterson, Lynn and Jaque, Daniel and Haro-Gonz{\'a}lez, Patricia},
  journal={Nanoscale},
  volume={8},
  number={1},
  pages={300--308},
  year={2016},
  publisher={Royal Society of Chemistry}
}

@article{zhou2013ultrasensitive,
  title={Ultrasensitive polarized up-conversion of Tm3+--Yb3+ doped $\beta$-NaYF4 single nanorod},
  author={Zhou, Jiajia and Chen, Gengxu and Wu, E and Bi, Gang and Wu, Botao and Teng, Yu and Zhou, Shifeng and Qiu, Jianrong},
  journal={Nano  Lett.},
  volume={13},
  number={5},
  pages={2241--2246},
  year={2013},
  publisher={ACS Publications}
}

@article{cotrufo2016spin,
  title={Spin-dependent emission from arrays of planar chiral nanoantennas due to lattice and localized plasmon resonances},
  author={Cotrufo, Michele and Osorio, Clara I and Koenderink, A Femius},
  journal={ACS Nano},
  volume={10},
  number={3},
  pages={3389--3397},
  year={2016},
  publisher={ACS Publications}
}

@article{novotny2011antennas,
  title={Antennas for light},
  author={Novotny, Lukas and Van Hulst, Niek},
  journal={Nat.  Photon.},
  volume={5},
  number={2},
  pages={83--90},
  year={2011},
  publisher={Nature Publishing Group}
}

@article{curto2010unidirectional,
  title={Unidirectional emission of a quantum dot coupled to a nanoantenna},
  author={Curto, Alberto G and Volpe, Giorgio and Taminiau, Tim H and Kreuzer, Mark P and Quidant, Romain and van Hulst, Niek F},
  journal={Science},
  volume={329},
  number={5994},
  pages={930--933},
  year={2010},
  publisher={American Association for the Advancement of Science}
}

@article{sun2014plasmon,
  title={Plasmon-enhanced energy transfer for improved upconversion of infrared radiation in doped-lanthanide nanocrystals},
  author={Sun, Qi-C and Mundoor, Haridas and Ribot, Josep C and Singh, Vivek and Smalyukh, Ivan I and Nagpal, Prashant},
  journal={Nano  Lett.},
  volume={14},
  number={1},
  pages={101--106},
  year={2014},
  publisher={ACS Publications}
}

@article{lu2014plasmon,
  title={Plasmon enhancement mechanism for the upconversion processes in NaYF4: Yb3+, Er3+ nanoparticles: Maxwell versus Forster},
  author={Lu, Dawei and Cho, Suehyun K and Ahn, Sungmo and Brun, Loic and Summers, Christopher J and Park, Wounjhang},
  journal={ACS Nano},
  volume={8},
  number={8},
  pages={7780--7792},
  year={2014},
  publisher={ACS Publications}
}

@article{xu2018broadband,
  title={Broadband plasmonic antenna enhanced upconversion and its application in flexible fingerprint identification},
  author={Xu, Wen and Lee, Tae Kyung and Moon, Byeong-Seok and Song, Hongwei and Chen, Xu and Chun, Byungae and Kim, Young-Jin and Kwak, Sang Kyu and Chen, Peng and Kim, Dong-Hwan},
  journal={Adv. Opt. Mater.},
  volume={6},
  number={6},
  pages={1701119},
  year={2018},
  publisher={Wiley Online Library}
}



@article{park2015plasmon,
  title={Plasmon enhancement of luminescence upconversion},
  author={Park, Wounjhang and Lu, Dawei and Ahn, Sungmo},
  journal={Chem. Soc. Rev.},
  volume={44},
  number={10},
  pages={2940--2962},
  year={2015},
  publisher={Royal Society of Chemistry}
}

@article{wu2019upconversion,
  title={Upconversion superburst with sub-2 $\mu$s lifetime},
  author={Wu, Yiming and Xu, Jiahui and Poh, Eng Tuan and Liang, Liangliang and Liu, Hailong and Yang, Joel KW and Qiu, Cheng-Wei and Vall{\'e}e, Renaud AL and Liu, Xiaogang},
  journal={Nat. Nanotechnol.},
  volume={14},
  number={12},
  pages={1110--1115},
  year={2019},
  publisher={Nature Publishing Group}
}

@article{akselrod2014probing,
  title={Probing the mechanisms of large Purcell enhancement in plasmonic nanoantennas},
  author={Akselrod, Gleb M and Argyropoulos, Christos and Hoang, Thang B and Cirac{\`\i}, Cristian and Fang, Chao and Huang, Jiani and Smith, David R and Mikkelsen, Maiken H},
  journal={Nat.  Photon.},
  volume={8},
  number={11},
  pages={835--840},
  year={2014},
  publisher={Nature Publishing Group}
}

@incollection{purcell1995spontaneous,
  title={Spontaneous emission probabilities at radio frequencies},
  author={Purcell, Edward Mills},
  booktitle={Confined Electrons and Photons},
  pages={839--839},
  year={1995},
  publisher={Springer}
}

@article{zhan2015tens,
  title={Tens of thousands-fold upconversion luminescence enhancement induced by a single gold nanorod},
  author={Zhan, Qiuqiang and Zhang, Xin and Zhao, Yuxiang and Liu, Jing and He, Sailing},
  journal={Laser Photonics Rev.},
  volume={9},
  number={5},
  pages={479--487},
  year={2015},
  publisher={Wiley Online Library}
}

@article{feng2017isotropic,
  title={Isotropic magnetic Purcell effect},
  author={Feng, Tianhua and Zhang, Wei and Liang, Zixian and Xu, Yi and Miroshnichenko, Andrey E},
  journal={ACS Photonics},
  volume={5},
  number={3},
  pages={678--683},
  year={2017},
  publisher={ACS Publications}
}

@article{nazir2014fano,
  title={Fano coil-type resonance for magnetic hot-spot generation},
  author={Nazir, A and Panaro, S and Proietti Zaccaria, R and Liberale, Carlo and De Angelis, F and Toma, A},
  journal={Nano  Lett.},
  volume={14},
  number={6},
  pages={3166--3171},
  year={2014},
  publisher={ACS Publications}
}

@article{zanganeh2021anapole,
  title={Anapole meta-atoms: nonradiating electric and magnetic sources},
  author={Zanganeh, Esmaeel and Evlyukhin, Andrey and Miroshnichenko, Andrey and Song, Mingzhao and Nenasheva, Elizaveta and Kapitanova, Polina},
  journal={Phys. Rev. Lett.},
  volume={127},
  number={9},
  pages={096804},
  year={2021},
  publisher={APS}
}

@article{feng2017ideal,
  title={Ideal magnetic dipole scattering},
  author={Feng, Tianhua and Xu, Yi and Zhang, Wei and Miroshnichenko, Andrey E},
  journal={Phys. Rev. Lett.},
  volume={118},
  number={17},
  pages={173901},
  year={2017},
  publisher={APS}
}

@article{yang2011local,
  title={Local geometry of electromagnetic fields and its role in molecular multipole transitions},
  author={Yang, Nan and Cohen, Adam E},
  journal={J. Phys. Chem. B},
  volume={115},
  number={18},
  pages={5304--5311},
  year={2011},
  publisher={ACS Publications}
}

@article{baranov2017modifying,
  title={Modifying magnetic dipole spontaneous emission with nanophotonic structures},
  author={Baranov, Denis G and Savelev, Roman S and Li, Sergey V and Krasnok, Alexander E and Al{\`u}, Andrea},
  journal={Laser Photonics Rev.},
  volume={11},
  number={3},
  pages={1600268},
  year={2017},
  publisher={Wiley Online Library}
}

@article{dodson2012magnetic,
  title={Magnetic dipole and electric quadrupole transitions in the trivalent lanthanide series: Calculated emission rates and oscillator strengths},
  author={Dodson, Christopher M and Zia, Rashid},
  journal={Phys. Rev. B},
  volume={86},
  number={12},
  pages={125102},
  year={2012},
  publisher={APS}
}

@article{fan2019exploiting,
  title={Exploiting lanthanide-doped upconversion nanoparticles with core/shell structures},
  author={Fan, Yong and Liu, Lu and Zhang, Fan},
  journal={Nano Today},
  volume={25},
  pages={68--84},
  year={2019},
  publisher={Elsevier}
}

@article{zhou2015controlling,
  title={Controlling upconversion nanocrystals for emerging applications},
  author={Zhou, Bo and Shi, Bingyang and Jin, Dayong and Liu, Xiaogang},
  journal={Nat. Nanotechnol.},
  volume={10},
  number={11},
  pages={924--936},
  year={2015},
  publisher={Nature Publishing Group}
}

@article{wu2019expanding,
  title={Expanding the toolbox for lanthanide-doped upconversion nanocrystals},
  author={Wu, Yiming and Ang, Melgious Jin Yan and Sun, Mingzi and Huang, Bolong and Liu, Xiaogang},
  journal={J. Phys. D Appl. Phys.},
  volume={52},
  number={38},
  pages={383002},
  year={2019},
  publisher={IOP Publishing}
}

@article{bunzli2005taking,
  title={Taking advantage of luminescent lanthanide ions},
  author={B{\"u}nzli, Jean-Claude G and Piguet, Claude},
  journal={Chem. Soc. Rev.},
  volume={34},
  number={12},
  pages={1048--1077},
  year={2005},
  publisher={Royal Society of Chemistry}
}

@article{yang2016atomically,
  title={Atomically thin optical lenses and gratings},
  author={Yang, Jiong and Wang, Zhu and Wang, Fan and Xu, Renjing and Tao, Jin and Zhang, Shuang and Qin, Qinghua and Luther-Davies, Barry and Jagadish, Chennupati and Yu, Zongfu and others},
  journal={Light Sci. Appl.},
  volume={5},
  number={3},
  pages={e16046--e16046},
  year={2016},
  publisher={Nature Publishing Group}
}

@article{liu2018ultrathin,
  title={Ultrathin van der Waals metalenses},
  author={Liu, Chang-Hua and Zheng, Jiajiu and Colburn, Shane and Fryett, Taylor K and Chen, Yueyang and Xu, Xiaodong and Majumdar, Arka},
  journal={Nano  Lett.},
  volume={18},
  number={11},
  pages={6961--6966},
  year={2018},
  publisher={ACS Publications}
}

@article{krasnok2018nanophotonics,
  title={Nanophotonics with 2D transition metal dichalcogenides},
  author={Krasnok, Alex and Lepeshov, Sergey and Al{\'u}, Andrea},
  journal={Opt. Express},
  volume={26},
  number={12},
  pages={15972--15994},
  year={2018},
  publisher={Optical Society of America}
}


@article{mak2016photonics,
  title={Photonics and optoelectronics of 2D semiconductor transition metal dichalcogenides},
  author={Mak, Kin Fai and Shan, Jie},
  journal={Nat.  Photon.},
  volume={10},
  number={4},
  pages={216--226},
  year={2016},
  publisher={Nature Publishing Group}
}

@article{liu2015strong,
  title={Strong light--matter coupling in two-dimensional atomic crystals},
  author={Liu, Xiaoze and Galfsky, Tal and Sun, Zheng and Xia, Fengnian and Lin, Erh-chen and Lee, Yi-Hsien and K{\'e}na-Cohen, St{\'e}phane and Menon, Vinod M},
  journal={Nat.  Photon.},
  volume={9},
  number={1},
  pages={30--34},
  year={2015},
  publisher={Nature Publishing Group}
}

@Article{zhang2018photonic,
author={Zhang, Long
and Gogna, Rahul
and Burg, Will
and Tutuc, Emanuel
and Deng, Hui},
title={Photonic-crystal exciton-polaritons in monolayer semiconductors},
journal={Nat. Commun.},
year={2018},
month={Feb},
day={19},
volume={9},
number={1},
pages={713},
issn={2041-1723},
doi={10.1038/s41467-018-03188-x},
url={https://doi.org/10.1038/s41467-018-03188-x}
}



@article{sun2019separation,
  title={Separation of valley excitons in a MoS 2 monolayer using a subwavelength asymmetric groove array},
  author={Sun, Liuyang and Wang, Chun-Yuan and Krasnok, Alex and Choi, Junho and Shi, Jinwei and Gomez-Diaz, Juan Sebastian and Zepeda, Andr{\'e} and Gwo, Shangjr and Shih, Chih-Kang and Al{\`u}, Andrea and others},
  journal={Nat.  Photon.},
  volume={13},
  number={3},
  pages={180--184},
  year={2019},
  publisher={Nature Publishing Group}
}

@article{liu2020generation,
  title={Generation of helical topological exciton-polaritons},
  author={Liu, Wenjing and Ji, Zhurun and Wang, Yuhui and Modi, Gaurav and Hwang, Minsoo and Zheng, Biyuan and Sorger, Volker J and Pan, Anlian and Agarwal, Ritesh},
  journal={Science},
  volume={370},
  number={6516},
  pages={600--604},
  year={2020},
  publisher={American Association for the Advancement of Science}
}

@Article{li2021experimental,
author={Li, Mengyao and Sinev, Ivan and Benimetskiy, Fedor and Ivanova, Tatyana and Khestanova, Ekaterina and Kiriushechkina, Svetlana and Vakulenko, Anton and Guddala, Sriram and Skolnick, Maurice and Menon, Vinod M. and Krizhanovskii, Dmitry and Al{\`u}, Andrea and Samusev, Anton and Khanikaev, Alexander B.},
title={Experimental observation of topological Z2 exciton-polaritons in transition metal dichalcogenide monolayers},
journal={Nat. Commun.},
year={2021},
month={Jul},
day={20},
volume={12},
number={1},
pages={4425},
issn={2041-1723},
doi={10.1038/s41467-021-24728-y},
url={https://doi.org/10.1038/s41467-021-24728-y}
}

@article{fu2017molecular,
  title={Molecular beam epitaxy of highly crystalline monolayer molybdenum disulfide on hexagonal boron nitride},
  author={Fu, Deyi and Zhao, Xiaoxu and Zhang, Yu-Yang and Li, Linjun and Xu, Hai and Jang, A-Rang and Yoon, Seong In and Song, Peng and Poh, Sock Mui and Ren, Tianhua and others},
  journal={J. Am. Chem. Soc.},
  volume={139},
  number={27},
  pages={9392--9400},
  year={2017},
  publisher={ACS Publications}
}

@article{bae2019integration,
  title={Integration of bulk materials with two-dimensional materials for physical coupling and applications},
  author={Bae, Sang-Hoon and Kum, Hyun and Kong, Wei and Kim, Yunjo and Choi, Chanyeol and Lee, Byunghun and Lin, Peng and Park, Yongmo and Kim, Jeehwan},
  journal={Nat. Mater.},
  volume={18},
  number={6},
  pages={550--560},
  year={2019},
  publisher={Nature Publishing Group}
}

@article{li2021epitaxial,
  title={Epitaxial growth of wafer-scale molybdenum disulfide semiconductor single crystals on sapphire},
  author={Li, Taotao and Guo, Wei and Ma, Liang and Li, Weisheng and Yu, Zhihao and Han, Zhen and Gao, Si and Liu, Lei and Fan, Dongxu and Wang, Zixuan and others},
  journal={Nat. Nanotechnol.},
  volume={16},
  number={11},
  pages={1201--1207},
  year={2021},
  publisher={Nature Publishing Group}
}



@article{abdollahramezani2021dynamic,
  title={Dynamic hybrid metasurfaces},
  author={Abdollahramezani, Sajjad and Hemmatyar, Omid and Taghinejad, Mohammad and Taghinejad, Hossein and Kiarashinejad, Yashar and Zandehshahvar, Mohammadreza and Fan, Tianren and Deshmukh, Sanchit and Eftekhar, Ali A and Cai, Wenshan and others},
  journal={Nano  Lett.},
  volume={21},
  number={3},
  pages={1238--1245},
  year={2021},
  publisher={ACS Publications}
}

@article{hemmatyar2021enhanced,
  title={Enhanced meta-displays using advanced phase-change materials},
  author={Hemmatyar, Omid and Abdollahramezani, Sajjad and Zeimpekis, Ioannis and Lepeshov, Sergey and Krasnok, Alex and Khan, Asir Intisar and Neilson, Kathryn M and Teichrib, Christian and Brown, Tyler and Pop, Eric and others},
  journal={arXiv:2107.12159},
  year={2021}
}

@article{howes2020optical,
  title={Optical limiting based on Huygens’ metasurfaces},
  author={Howes, Austin and Zhu, Zhihua and Curie, David and Avila, Jason R and Wheeler, Virginia D and Haglund, Richard F and Valentine, Jason G},
  journal={Nano  Lett.},
  volume={20},
  number={6},
  pages={4638--4644},
  year={2020},
  publisher={ACS Publications}
}

@article{yamada2000structure,
  title={Structure of laser-crystallized Ge 2 Sb 2+ x Te 5 sputtered thin films for use in optical memory},
  author={Yamada, Noboru and Matsunaga, Toshiyuki},
  journal={J. Appl. Phys.},
  volume={88},
  number={12},
  pages={7020--7028},
  year={2000},
  publisher={American Institute of Physics}
}

@article{wuttig2007phase,
  title={Phase-change materials for rewriteable data storage},
  author={Wuttig, Matthias and Yamada, Noboru},
  journal={Nat. Mater.},
  volume={6},
  number={11},
  pages={824--832},
  year={2007},
  publisher={Nature Publishing Group}
}

@article{tripathi2021tunable,
  title={Tunable Mie-resonant dielectric metasurfaces based on VO$_2$ phase-transition materials},
  author={Tripathi, Aditya and John, Jimmy and Kruk, Sergey and Zhang, Zhen and Nguyen, Hai Son and Berguiga, Lotfi and Romeo, Pedro Rojo and Orobtchouk, R{\'e}gis and Ramanathan, Shriram and Kivshar, Yuri and others},
  journal={ACS Photonics},
  volume={8},
  number={4},
  pages={1206--1213},
  year={2021},
  publisher={ACS Publications}
}

﻿@Article{hashemi2016electronically,
author={Hashemi, Mohammed Reza M.
and Yang, Shang-Hua
and Wang, Tongyu
and Sep{\'u}lveda, Nelson
and Jarrahi, Mona},
title={Electronically-controlled beam-steering through vanadium dioxide metasurfaces},
journal={Sci. Rep.},
year={2016},
month={Oct},
day={14},
volume={6},
number={1},
pages={35439},
issn={2045-2322},
doi={10.1038/srep35439},
url={https://doi.org/10.1038/srep35439}
}



@article{jager2017tracking,
  title={Tracking the insulator-to-metal phase transition in VO2 with few-femtosecond extreme UV transient absorption spectroscopy},
  author={Jager, Marieke F and Ott, Christian and Kraus, Peter M and Kaplan, Christopher J and Pouse, Winston and Marvel, Robert E and Haglund, Richard F and Neumark, Daniel M and Leone, Stephen R},
  journal={Proc. Natl. Acad. Sci. U.S.A.},
  volume={114},
  number={36},
  pages={9558--9563},
  year={2017},
  publisher={National Acad Sciences}
}

@article{kubler2007coherent,
  title={Coherent structural dynamics and electronic correlations during an ultrafast insulator-to-metal phase transition in VO 2},
  author={K{\"u}bler, Carl and Ehrke, Henri and Huber, Rupert and Lopez, R and Halabica, A and Haglund Jr, RF and Leitenstorfer, A},
  journal={Phys. Rev. Lett.},
  volume={99},
  number={11},
  pages={116401},
  year={2007},
  publisher={APS}
}

@article{wegkamp2015ultrafast,
  title={Ultrafast dynamics during the photoinduced phase transition in VO2},
  author={Wegkamp, Daniel and St{\"a}hler, Julia},
  journal={Prog. Surf. Sci.},
  volume={90},
  number={4},
  pages={464--502},
  year={2015},
  publisher={Elsevier}
}

@article{friedrich2000structural,
  title={Structural transformations of Ge 2 Sb 2 Te 5 films studied by electrical resistance measurements},
  author={Friedrich, I and Weidenhof, V and Njoroge, W and Franz, P and Wuttig, M},
  journal={Journal of applied physics},
  volume={87},
  number={9},
  pages={4130--4134},
  year={2000},
  publisher={American Institute of Physics}
}

@article{kepic2021optically,
title={Optically tunable Mie resonance VO2 nanoantennas for metasurfaces in the visible}, author={Kepic, Peter and Ligmajer, Filip and Hrton, Martin and Ren, Haoran and Menezes, Leonardo de S and Maier, Stefan A and Sikola, Tom{\'a}s}, journal={ACS Photonics}, volume={8}, number={4}, pages={1048--1057}, year={2021}, publisher={ACS Publications} }

@article{kolobov2004understanding,
  title={Understanding the phase-change mechanism of rewritable optical media},
  author={Kolobov, Alexander V and Fons, Paul and Frenkel, Anatoly I and Ankudinov, Alexei L and Tominaga, Junji and Uruga, Tomoya},
  journal={Nat. Mater.},
  volume={3},
  number={10},
  pages={703--708},
  year={2004},
  publisher={Nature Publishing Group}
}

@article{yao2010understanding,
  title={Understanding the nature of the kinetic process in a VO 2 metal-insulator transition},
  author={Yao, Tao and Zhang, Xiaodong and Sun, Zhihu and Liu, Shoujie and Huang, Yuanyuan and Xie, Yi and Wu, Changzheng and Yuan, Xun and Zhang, Wenqing and Wu, Ziyu and others},
  journal={Phys. Rev. Lett.},
  volume={105},
  number={22},
  pages={226405},
  year={2010},
  publisher={APS}
}

@article{wuttig2018incipient,
  title={Incipient metals: functional materials with a unique bonding mechanism},
  author={Wuttig, Matthias and Deringer, Volker L and Gonze, Xavier and Bichara, Christophe and Raty, Jean-Yves},
  journal={Adv. Mater.},
  volume={30},
  number={51},
  pages={1803777},
  year={2018},
  publisher={Wiley Online Library}
}

@article{zhu2018unique,
  title={Unique bond breaking in crystalline phase change materials and the quest for metavalent bonding},
  author={Zhu, Min and Cojocaru-Mir{\'e}din, Oana and Mio, Antonio M and Keutgen, Jens and K{\"u}pers, Michael and Yu, Yuan and Cho, Ju-Young and Dronskowski, Richard and Wuttig, Matthias},
  journal={Adv. Mater.},
  volume={30},
  number={18},
  pages={1706735},
  year={2018},
  publisher={Wiley Online Library}
}

@article{grandi2020unraveling,
  title={Unraveling the Mott-Peierls intrigue in vanadium dioxide},
  author={Grandi, Francesco and Amaricci, Adriano and Fabrizio, Michele},
  journal={Phys. Rev. Res.},
  volume={2},
  number={1},
  pages={013298},
  year={2020},
  publisher={APS}
}

@article{vidas2020does,
  title={Does VO2 host a transient monoclinic metallic phase?},
  author={Vidas, Luciana and Schick, Daniel and Mart{\'\i}nez, El{\'\i}as and Perez-Salinas, Daniel and Ramos-{\'A}lvarez, Alberto and Cichy, Simon and Batlle-Porro, Sergi and Johnson, Allan S and Hallman, Kent A and Haglund Jr, Richard F and others},
  journal={Phys. Rev. X},
  volume={10},
  number={3},
  pages={031047},
  year={2020},
  publisher={APS}
}

@article{liu2018recent,
  title={Recent progresses on physics and applications of vanadium dioxide},
  author={Liu, Kai and Lee, Sangwook and Yang, Shan and Delaire, Olivier and Wu, Junqiao},
  journal={Mater. Today},
  volume={21},
  number={8},
  pages={875--896},
  year={2018},
  publisher={Elsevier}
}

@article{lee2020chemical,
  title={Chemical bonding in chalcogenides: the concept of multicenter hyperbonding},
  author={Lee, Tae Hoon and Elliott, Stephen R},
  journal={Adv. Mater.},
  volume={32},
  number={28},
  pages={2000340},
  year={2020},
  publisher={Wiley Online Library}
}

@article{huang2016gate,
  title={Gate-tunable conducting oxide metasurfaces},
  author={Huang, Yao-Wei and Lee, Ho Wai Howard and Sokhoyan, Ruzan and Pala, Ragip A and Thyagarajan, Krishnan and Han, Seunghoon and Tsai, Din Ping and Atwater, Harry A},
  journal={Nano  Lett.},
  volume={16},
  number={9},
  pages={5319--5325},
  year={2016},
  publisher={ACS Publications}
}

@article{makarov2015tuning,
  title={Tuning of magnetic optical response in a dielectric nanoparticle by ultrafast photoexcitation of dense electron--hole plasma},
  author={Makarov, Sergey and Kudryashov, Sergey and Mukhin, Ivan and Mozharov, Alexey and Milichko, Valentin and Krasnok, Alexander and Belov, Pavel},
  journal={Nano  Lett.},
  volume={15},
  number={9},
  pages={6187--6192},
  year={2015},
  publisher={ACS Publications}
}

@article{wang2021electrical,
  title={Electrical tuning of phase-change antennas and metasurfaces},
  author={Wang, Yifei and Landreman, Patrick and Schoen, David and Okabe, Kye and Marshall, Ann and Celano, Umberto and Wong, H-S Philip and Park, Junghyun and Brongersma, Mark L},
  journal={Nat. Nanotechnol.},
  volume={16},
  number={6},
  pages={667--672},
  year={2021},
  publisher={Nature Publishing Group}
}

@article{karvounis2016all,
  title={All-dielectric phase-change reconfigurable metasurface},
  author={Karvounis, Artemios and Gholipour, Behrad and MacDonald, Kevin F and Zheludev, Nikolay I},
  journal={App. Phys. Lett.},
  volume={109},
  number={5},
  pages={051103},
  year={2016},
  publisher={AIP Publishing LLC}
}

@Article{Tian2019active,
author={Tian, Jingyi
and Luo, Hao
and Yang, Yuanqing
and Ding, Fei
and Qu, Yurui
and Zhao, Ding
and Qiu, Min
and Bozhevolnyi, Sergey I.},
title={Active control of anapole states by structuring the phase-change alloy Ge2Sb2Te5},
journal={Nat. Commun.},
year={2019},
month={Jan},
day={23},
volume={10},
number={1},
pages={396},
issn={2041-1723},
doi={10.1038/s41467-018-08057-1},
url={https://doi.org/10.1038/s41467-018-08057-1}
}

@article{delaney2020new,
  title={A new family of ultralow loss reversible phase-change materials for photonic integrated circuits: Sb2S3 and Sb2Se3},
  author={Delaney, Matthew and Zeimpekis, Ioannis and Lawson, Daniel and Hewak, Daniel W and Muskens, Otto L},
  journal={Adv. Funct. Mater.},
  volume={30},
  number={36},
  pages={2002447},
  year={2020},
  publisher={Wiley Online Library}
}

@Article{zhang2019broadband,
author={Zhang, Yifei
and Chou, Jeffrey B.
and Li, Junying
and Li, Huashan
and Du, Qingyang
and Yadav, Anupama
and Zhou, Si
and Shalaginov, Mikhail Y.
and Fang, Zhuoran
and Zhong, Huikai
and Roberts, Christopher
and Robinson, Paul
and Bohlin, Bridget
and R{\'i}os, Carlos
and Lin, Hongtao
and Kang, Myungkoo
and Gu, Tian
and Warner, Jamie
and Liberman, Vladimir
and Richardson, Kathleen
and Hu, Juejun},
title={Broadband transparent optical phase change materials for high-performance nonvolatile photonics},
journal={Nat. Commun.},
year={2019},
month={Sep},
day={30},
volume={10},
number={1},
pages={4279},
issn={2041-1723},
doi={10.1038/s41467-019-12196-4},
url={https://doi.org/10.1038/s41467-019-12196-4}
}



@article{zhang2021electrically,
  title={Electrically reconfigurable non-volatile metasurface using low-loss optical phase-change material},
  author={Zhang, Yifei and Fowler, Clayton and Liang, Junhao and Azhar, Bilal and Shalaginov, Mikhail Y and Deckoff-Jones, Skylar and An, Sensong and Chou, Jeffrey B and Roberts, Christopher M and Liberman, Vladimir and others},
  journal={Nat. Nanotechnol.},
  volume={16},
  number={6},
  pages={661--666},
  year={2021},
  publisher={Nature Publishing Group}
}

@Article{shalaginov2021reconfigurable,
author={Shalaginov, Mikhail Y.
and An, Sensong
and Zhang, Yifei
and Yang, Fan
and Su, Peter
and Liberman, Vladimir
and Chou, Jeffrey B.
and Roberts, Christopher M.
and Kang, Myungkoo
and Rios, Carlos
and Du, Qingyang
and Fowler, Clayton
and Agarwal, Anuradha
and Richardson, Kathleen A.
and Rivero-Baleine, Clara
and Zhang, Hualiang
and Hu, Juejun
and Gu, Tian},
title={Reconfigurable all-dielectric metalens with diffraction-limited performance},
journal={Nat. Commun.},
year={2021},
month={Feb},
day={22},
volume={12},
number={1},
pages={1225},
issn={2041-1723},
doi={10.1038/s41467-021-21440-9},
url={https://doi.org/10.1038/s41467-021-21440-9}
}



@article{dong2019wide,
  title={Wide bandgap phase change material tuned visible photonics},
  author={Dong, Weiling and Liu, Hailong and Behera, Jitendra K and Lu, Li and Ng, Ray JH and Sreekanth, Kandammathe Valiyaveedu and Zhou, Xilin and Yang, Joel KW and Simpson, Robert E},
  journal={Adv. Funct. Mater.},
  volume={29},
  number={6},
  pages={1806181},
  year={2019},
  publisher={Wiley Online Library}
}

@article{wuttig2017phase,
  title={Phase-change materials for non-volatile photonic applications},
  author={Wuttig, Matthias and Bhaskaran, Harish and Taubner, Thomas},
  journal={Nat.  Photon.},
  volume={11},
  number={8},
  pages={465--476},
  year={2017},
  publisher={Nature Publishing Group}
}

@article{lu2021reversible,
  title={Reversible tuning of Mie resonances in the visible spectrum},
  author={Lu, Li and Dong, Zhaogang and Tijiptoharsono, Febiana and Ng, Ray Jia Hong and Wang, Hongtao and Rezaei, Soroosh Daqiqeh and Wang, Yunzheng and Leong, Hai Sheng and Lim, Poh Chong and Yang, Joel KW and others},
  journal={ACS Nano},
  volume={15},
  number={12},
  pages={19722--19732},
  year={2021},
  publisher={ACS Publications}
}

@article{liu2020rewritable,
  title={Rewritable color nanoprints in antimony trisulfide films},
  author={Liu, Hailong and Dong, Weiling and Wang, Hao and Lu, Li and Ruan, Qifeng and Tan, You Sin and Simpson, Robert E and Yang, Joel KW},
  journal={Sci. Adv.},
  volume={6},
  number={51},
  pages={eabb7171},
  year={2020},
  publisher={American Association for the Advancement of Science}
}

@article{hail2019optical,
  title={Optical metasurfaces: evolving from passive to adaptive},
  author={Hail, Claudio U and Michel, Ann-Katrin U and Poulikakos, Dimos and Eghlidi, Hadi},
  journal={Adv. Opt. Mater.},
  volume={7},
  number={14},
  pages={1801786},
  year={2019},
  publisher={Wiley Online Library}
}

@article{leitis2020all,
  title={All-dielectric programmable Huygens' metasurfaces},
  author={Leitis, Aleksandrs and He{\ss}ler, Andreas and Wahl, Sophia and Wuttig, Matthias and Taubner, Thomas and Tittl, Andreas and Altug, Hatice},
  journal={Adv. Funct. Mater.},
  volume={30},
  number={19},
  pages={1910259},
  year={2020},
  publisher={Wiley Online Library}
}

@article{eaves2022dynamic,
  title={Dynamic color tuning with electrochemically actuated TiO2 metasurfaces},
  author={Eaves-Rathert, Janna and Kovalik, Elena and Ugwu, Chibuzor Fabian and Rogers, Bridget R and Pint, Cary L and Valentine, Jason G},
  journal={Nano Lett.},
  volume={22},
  number={4},
  pages={1626--1632},
  year={2022},
  publisher={ACS Publications}
}

@article{karst2021electrically,
  title={Electrically switchable metallic polymer nanoantennas},
  author={Karst, Julian and Floess, Moritz and Ubl, Monika and Dingler, Carsten and Malacrida, Claudia and Steinle, Tobias and Ludwigs, Sabine and Hentschel, Mario and Giessen, Harald},
  journal={Science},
  volume={374},
  number={6567},
  pages={612--616},
  year={2021},
  publisher={American Association for the Advancement of Science}
}

﻿@Article{Duan2017dynamic,
author={Duan, Xiaoyang
and Kamin, Simon
and Liu, Na},
title={Dynamic plasmonic colour display},
journal={Nat. Commun.},
year={2017},
month={Feb},
day={24},
volume={8},
number={1},
pages={14606},
issn={2041-1723},
doi={10.1038/ncomms14606},
url={https://doi.org/10.1038/ncomms14606}
}



﻿@Article{Hessler2021,
author={He{\ss}ler, Andreas
and Wahl, Sophia
and Leuteritz, Till
and Antonopoulos, Antonios
and Stergianou, Christina
and Sch{\"o}n, Carl-Friedrich
and Naumann, Lukas
and Eicker, Niklas
and Lewin, Martin
and Ma{\ss}, Tobias W. W.
and Wuttig, Matthias
and Linden, Stefan
and Taubner, Thomas},
title={In3SbTe2 as a programmable nanophotonics material platform for the infrared},
journal={Nat. Commun.},
year={2021},
month={Feb},
day={10},
volume={12},
number={1},
pages={924},
issn={2041-1723},
doi={10.1038/s41467-021-21175-7},
url={https://doi.org/10.1038/s41467-021-21175-7}
}



@article{galarreta2020reconfigurable,
  title={Reconfigurable multilevel control of hybrid all-dielectric phase-change metasurfaces},
  author={de Galarreta, Carlota Ruiz and Sinev, Ivan and Alexeev, Arseny M and Trofimov, Pavel and Ladutenko, Konstantin and Carrillo, Santiago Garcia-Cuevas and Gemo, Emanuele and Baldycheva, Anna and Bertolotti, Jacopo and Wright, C David},
  journal={Optica},
  volume={7},
  number={5},
  pages={476--484},
  year={2020},
  publisher={Optical Society of America}
}

@article{galarreta2018nonvolatile,
  title={Nonvolatile reconfigurable phase-change metadevices for beam steering in the near infrared},
  author={de Galarreta, Carlota Ruiz and Alexeev, Arseny M and Au, Yat-Yin and Lopez-Garcia, Martin and Klemm, Maciej and Cryan, Martin and Bertolotti, Jacopo and Wright, C David},
  journal={Adv. Funct. Mater.},
  volume={28},
  number={10},
  pages={1704993},
  year={2018},
  publisher={Wiley Online Library}
}

@article{wang2016optically,
  title={Optically reconfigurable metasurfaces and photonic devices based on phase change materials},
  author={Wang, Qian and Rogers, Edward TF and Gholipour, Behrad and Wang, Chih-Ming and Yuan, Guanghui and Teng, Jinghua and Zheludev, Nikolay I},
  journal={Nat.  Photon.},
  volume={10},
  number={1},
  pages={60--65},
  year={2016},
  publisher={Nature Publishing Group}
}

@article{rensberg2016active,
  title={Active optical metasurfaces based on defect-engineered phase-transition materials},
  author={Rensberg, Jura and Zhang, Shuyan and Zhou, You and McLeod, Alexander S and Schwarz, Christian and Goldflam, Michael and Liu, Mengkun and Kerbusch, Jochen and Nawrodt, Ronny and Ramanathan, Shriram and others},
  journal={Nano  Lett.},
  volume={16},
  number={2},
  pages={1050--1055},
  year={2016},
  publisher={ACS Publications}
}







@article{staude2017metamaterial,
  title={Metamaterial-inspired silicon nanophotonics},
  author={Staude, Isabelle and Schilling, J{\"o}rg},
  journal={Nat.  Photon.},
  volume={11},
  number={5},
  pages={274--284},
  year={2017},
  publisher={Nature Publishing Group}
}

@article{kruk2017functional,
  title={Functional meta-optics and nanophotonics governed by Mie resonances},
  author={Kruk, Sergey and Kivshar, Yuri},
  journal={ACS Photonics},
  volume={4},
  number={11},
  pages={2638--2649},
  year={2017},
  publisher={ACS Publications}
}

@Article{kapitanova2017giant,
author={Kapitanova, Polina
and Ternovski, Vladimir
and Miroshnichenko, Andrey
and Pavlov, Nikita
and Belov, Pavel
and Kivshar, Yuri
and Tribelsky, Michael},
title={Giant field enhancement in high-index dielectric subwavelength particles},
journal={Sci. Rep.},
year={2017},
month={Apr},
day={07},
volume={7},
number={1},
pages={731},
issn={2045-2322},
doi={10.1038/s41598-017-00724-5},
url={https://doi.org/10.1038/s41598-017-00724-5}
}



@article{rybin2021optically,
  title={Optically reconfigurable spherical Ge-Sb-Te nanoparticles with reversible switching},
  author={Rybin, Mikhail V and Sinelnik, Artem D and Tajik, Mohammad and Milichko, Valentin A and Ubyivovk, Evgenii V and Yakovlev, Sergey A and Pevtsov, Alexander B and Yavsin, Denis A and Zuev, Dmitry A and Makarov, Sergey V},
  journal={Laser Photonics Rev.},
  pages={2100253},
  year={2021},
  publisher={Wiley Online Library}
}

@article{nikitina2021all,
  title={All-dielectric nanostructures with a thermoresponsible dynamic polymer shell},
  author={Nikitina, Anna A and Milichko, Valentin A and Novikov, Alexander S and Larin, Artem O and Nandi, Proloy and Mirsaidov, Utkur and Andreeva, Daria V and Rybin, Mikhail V and Kivshar, Yuri S and Skorb, Ekaterina V},
  journal={Angew. Chem. Int. Ed.},
  volume={60},
  number={23},
  pages={12737--12741},
  year={2021},
  publisher={Wiley Online Library}
}

@article{bahng2020mie,
  title={Mie resonance engineering in meta-shell supraparticles for nanoscale nonlinear optics},
  author={Bahng, Joong Hwan and Jahani, Saman and Montjoy, Douglas G and Yao, Timothy and Kotov, Nicholas and Marandi, Alireza},
  journal={ACS Nano},
  volume={14},
  number={12},
  pages={17203--17212},
  year={2020},
  publisher={ACS Publications}
}

@article{verre2019transition,
  title={Transition metal dichalcogenide nanodisks as high-index dielectric Mie nanoresonators},
  author={Verre, Ruggero and Baranov, Denis G and Munkhbat, Battulga and Cuadra, Jorge and K{\"a}ll, Mikael and Shegai, Timur},
  journal={Nat. Nanotechnol.},
  volume={14},
  number={7},
  pages={679--683},
  year={2019},
  publisher={Nature Publishing Group}
}

@article{splendiani2010emerging,
  title={Emerging photoluminescence in monolayer MoS2},
  author={Splendiani, Andrea and Sun, Liang and Zhang, Yuanbo and Li, Tianshu and Kim, Jonghwan and Chim, Chi-Yung and Galli, Giulia and Wang, Feng},
  journal={Nano  Lett.},
  volume={10},
  number={4},
  pages={1271--1275},
  year={2010},
  publisher={ACS Publications}
}

@article{li2014valley,
  title={Valley splitting and polarization by the Zeeman effect in monolayer MoSe 2},
  author={Li, Yilei and Ludwig, Jonathan and Low, Tony and Chernikov, Alexey and Cui, Xu and Arefe, Ghidewon and Kim, Young Duck and Van Der Zande, Arend M and Rigosi, Albert and Hill, Heather M and others},
  journal={Phys. Rev. Lett.},
  volume={113},
  number={26},
  pages={266804},
  year={2014},
  publisher={APS}
}

﻿@Article{raja2017coulomb,
author={Raja, Archana
and Chaves, Andrey
and Yu, Jaeeun
and Arefe, Ghidewon
and Hill, Heather M.
and Rigosi, Albert F.
and Berkelbach, Timothy C.
and Nagler, Philipp
and Sch{\"u}ller, Christian
and Korn, Tobias
and Nuckolls, Colin
and Hone, James
and Brus, Louis E.
and Heinz, Tony F.
and Reichman, David R.
and Chernikov, Alexey},
title={Coulomb engineering of the bandgap and excitons in two-dimensional materials},
journal={Nat. Commun.},
year={2017},
month={May},
day={04},
volume={8},
number={1},
pages={15251},
issn={2041-1723},
doi={10.1038/ncomms15251},
url={https://doi.org/10.1038/ncomms15251}
}



﻿@Article{ross2013electrical,
author={Ross, Jason S.
and Wu, Sanfeng
and Yu, Hongyi
and Ghimire, Nirmal J.
and Jones, Aaron M.
and Aivazian, Grant
and Yan, Jiaqiang
and Mandrus, David G.
and Xiao, Di
and Yao, Wang
and Xu, Xiaodong},
title={Electrical control of neutral and charged excitons in a monolayer semiconductor},
journal={Nat. Commun.},
year={2013},
month={Feb},
day={12},
volume={4},
number={1},
pages={1474},
issn={2041-1723},
doi={10.1038/ncomms2498},
url={https://doi.org/10.1038/ncomms2498}
}


@article{tran2020moire,
	doi = {10.1088/2053-1583/abd3e7},
	url = {https://doi.org/10.1088/2053-1583/abd3e7},
	year = 2020,
	month = {dec},
	publisher = {{IOP} Publishing},
	volume = {8},
	number = {2},
	pages = {022002},
	author = {Kha Tran and Junho Choi and Akshay Singh},
	title = {Moir{\'{e}} and beyond in transition metal dichalcogenide twisted bilayers},
	journal = {2D Materials}
}

@article{long2022perovskite,
  title={Perovskite metasurfaces with large superstructural chirality},
  author={Long, Guankui and Adamo, Giorgio and Tian, Jingyi and Klein, Maciej and Krishnamoorthy, Harish NS and Feltri, Elena and Wang, Hebin and Soci, Cesare},
  journal={Nat. Commun.},
  volume={13},
  number={1},
  pages={1--8},
  year={2022},
  publisher={Nature Publishing Group}
}

@article{liu2022nanostructured,
  title={Nanostructured perovskites for nonvolatile memory devices},
  author={Liu, Qi and Gao, Song and Xu, Lei and Yue, Wenjing and Zhang, Chunwei and Kan, Hao and Li, Yang and Shen, Guozhen},
  journal={Chem. Soc. Rev.},
  year={2022},
  publisher={Royal Society of Chemistry}
}

@article{zhumekenov2021stimuli,
  title={Stimuli-responsive switchable halide perovskites: Taking advantage of instability},
  author={Zhumekenov, Ayan A and Saidaminov, Makhsud I and Mohammed, Omar F and Bakr, Osman M},
  journal={Joule},
  volume={5},
  number={8},
  pages={2027--2046},
  year={2021},
  publisher={Elsevier}
}

@article{minovich2015functional,
  title={Functional and nonlinear optical metasurfaces},
  author={Minovich, Alexander E and Miroshnichenko, Andrey E and Bykov, Anton Y and Murzina, Tatiana V and Neshev, Dragomir N and Kivshar, Yuri S},
  journal={Laser Photonics Rev.},
  volume={9},
  number={2},
  pages={195--213},
  year={2015},
  publisher={Wiley Online Library}
}

@article{li2017nonlinear,
  title={Nonlinear photonic metasurfaces},
  author={Li, Guixin and Zhang, Shuang and Zentgraf, Thomas},
  journal={Nat. Rev. Mater.},
  volume={2},
  number={5},
  pages={1--14},
  year={2017},
  publisher={Nature Publishing Group}
}

@article{makarov2017light,
  title={Light-induced tuning and reconfiguration of nanophotonic structures},
  author={Makarov, Sergey V and Zalogina, Anastasia S and Tajik, Mohammad and Zuev, Dmitry A and Rybin, Mikhail V and Kuchmizhak, Aleksandr A and Juodkazis, Saulius and Kivshar, Yuri},
  journal={Laser Photonics Rev.},
  volume={11},
  number={5},
  pages={1700108},
  year={2017},
  publisher={Wiley Online Library}
}

@article{nemati2018tunable,
  title={Tunable and reconfigurable metasurfaces and metadevices},
  author={Nemati, Arash and Wang, Qian and Hong, Minghui and Teng, Jinghua and others},
  journal={Opto-Electronic Advances},
  volume={1},
  number={5},
  pages={180009},
  year={2018}
}

@article{zhang2018lighting,
  title={Lighting up silicon nanoparticles with Mie resonances},
  author={Zhang, Chengyun and Xu, Yi and Liu, Jin and Li, Juntao and Xiang, Jin and Li, Hui and Li, Jinxiang and Dai, Qiaofeng and Lan, Sheng and Miroshnichenko, Andrey E},
  journal={Nat. Commun.},
  volume={9},
  number={1},
  pages={1--7},
  year={2018},
  publisher={Nature Publishing Group}
}

@article{zograf2022high,
  title={High-Harmonic generation from resonant dielectric metasurfaces empowered by bound states in the continuum},
  author={Zograf, George and Koshelev, Kirill and Zalogina, Anastasiia and Korolev, Viacheslav and Hollinger, Richard and Choi, Duk-Yong and Zuerch, Michael and Spielmann, Christian and Luther-Davies, Barry and Kartashov, Daniil and others},
  journal={ACS Photonics},
   volume={9},
  number={2},
  pages={567–-574},
  year={2022},
  publisher={ACS Publications}
}

@article{shcherbakov2021generation,
  title={Generation of even and odd high harmonics in resonant metasurfaces using single and multiple ultra-intense laser pulses},
  author={Shcherbakov, Maxim R and Zhang, Haizhong and Tripepi, Michael and Sartorello, Giovanni and Talisa, Noah and AlShafey, Abdallah and Fan, Zhiyuan and Twardowski, Justin and Krivitsky, Leonid A and Kuznetsov, Arseniy I and others},
  journal={Nat. Commun.},
  volume={12},
  number={1},
  pages={1--6},
  year={2021},
  publisher={Nature Publishing Group}
}

@article{zograf2020stimulated,
  title={Stimulated Raman scattering from Mie-resonant subwavelength nanoparticles},
  author={Zograf, George P and Ryabov, Daniil and Rutckaia, Viktoria and Voroshilov, Pavel and Tonkaev, Pavel and Permyakov, Dmitry V and Kivshar, Yuri and Makarov, Sergey V},
  journal={Nano Lett.},
  volume={20},
  number={8},
  pages={5786--5791},
  year={2020},
  publisher={ACS Publications}
}

﻿@Article{shcherbakov2017ultrafast,
author={Shcherbakov, Maxim R.
and Liu, Sheng
and Zubyuk, Varvara V.
and Vaskin, Aleksandr
and Vabishchevich, Polina P.
and Keeler, Gordon
and Pertsch, Thomas
and Dolgova, Tatyana V.
and Staude, Isabelle
and Brener, Igal
and Fedyanin, Andrey A.},
title={Ultrafast all-optical tuning of direct-gap semiconductor metasurfaces},
journal={Nat. Commun.},
year={2017},
month={May},
day={12},
volume={8},
number={1},
pages={17},
issn={2041-1723},
doi={10.1038/s41467-017-00019-3},
url={https://doi.org/10.1038/s41467-017-00019-3}
}



@article{shcherbakov2014enhanced,
  title={Enhanced third-harmonic generation in silicon nanoparticles driven by magnetic response},
  author={Shcherbakov, Maxim R and Neshev, Dragomir N and Hopkins, Ben and Shorokhov, Alexander S and Staude, Isabelle and Melik-Gaykazyan, Elizaveta V and Decker, Manuel and Ezhov, Alexander A and Miroshnichenko, Andrey E and Brener, Igal and others},
  journal={Nano Lett.},
  volume={14},
  number={11},
  pages={6488--6492},
  year={2014},
  publisher={ACS Publications}
}

@article{marino2019zero,
  title={Zero-order second harmonic generation from AlGaAs-on-insulator metasurfaces},
  author={Marino, Giuseppe and Gigli, Carlo and Rocco, Davide and Lemaitre, Aristide and Favero, Ivan and De Angelis, Costantino and Leo, Giuseppe},
  journal={ACS Photonics},
  volume={6},
  number={5},
  pages={1226--1231},
  year={2019},
  publisher={ACS Publications}
}

@article{cambiasso2017bridging,
  title={Bridging the gap between dielectric nanophotonics and the visible regime with effectively lossless gallium phosphide antennas},
  author={Cambiasso, Javier and Grinblat, Gustavo and Li, Yi and Rakovich, Aliaksandra and Cort{\'e}s, Emiliano and Maier, Stefan A},
  journal={Nano Lett.},
  volume={17},
  number={2},
  pages={1219--1225},
  year={2017},
  publisher={ACS Publications}
}

@inproceedings{long2021all,
  title={All-dielectric halide perovskite metasurfaces with giant chirality},
  author={Long, Guankui and Adamo, Giorgio and Tian, Jingyi and Feltri, Elena and Krishnamoorthy, Harish NS and Klein, Maciej and Soci, Cesare},
  booktitle={CLEO: Science and Innovations},
  pages={STu1C--2},
  year={2021},
  organization={Optical Society of America}
}

@article{long2020chiral,
  title={Chiral-perovskite optoelectronics},
  author={Long, Guankui and Sabatini, Randy and Saidaminov, Makhsud I and Lakhwani, Girish and Rasmita, Abdullah and Liu, Xiaogang and Sargent, Edward H and Gao, Weibo},
  journal={Nat. Rev. Mater.},
  volume={5},
  number={6},
  pages={423--439},
  year={2020},
  publisher={Nature Publishing Group}
}

@article{berestennikov2019beyond,
  title={Beyond quantum confinement: excitonic nonlocality in halide perovskite nanoparticles with Mie resonances},
  author={Berestennikov, AS and Li, Y and Iorsh, IV and Zakhidov, Anvar A and Rogach, AL and Makarov, SV},
  journal={Nanoscale},
  volume={11},
  number={14},
  pages={6747--6754},
  year={2019},
  publisher={Royal Society of Chemistry}
}

﻿@Article{munkhbat2020transition,
author={Munkhbat, Battulga and Yankovich, Andrew B. and Baranov, Denis G. and Verre, Ruggero and Olsson, Eva and Shegai, Timur O.},
title={Transition metal dichalcogenide metamaterials with atomic precision},
journal={Nat. Commun.},
year={2020},
month={Sep},
day={14},
volume={11},
number={1},
pages={4604},
issn={2041-1723},
doi={10.1038/s41467-020-18428-2},
url={https://doi.org/10.1038/s41467-020-18428-2}
}



@Article{Ermolaev2021,
author={Ermolaev, G. A. and Grudinin, D. V. and Stebunov, Y. V. and Voronin, K. V. and Kravets, V. G. and Duan, J. and Mazitov, A. B. and Tselikov, G. I. and Bylinkin, A. and Yakubovsky, D. I. and Novikov, S. M. and Baranov, D. G. and Nikitin, A. Y. and Kruglov, I. A. and Shegai, T. and Alonso-Gonz{\'a}lez, P. and Grigorenko, A. N. and Arsenin, A. V. and Novoselov, K. S. and Volkov, V. S.},
title={Giant optical anisotropy in transition metal dichalcogenides for next-generation photonics},
journal={Nat. Commun.},
year={2021},
month={Feb},
day={08},
volume={12},
number={1},
pages={854},
issn={2041-1723},
doi={10.1038/s41467-021-21139-x},
url={https://doi.org/10.1038/s41467-021-21139-x}
}

@Article{kravtsov2020nonlinear,
author={Kravtsov, Vasily and Khestanova, Ekaterina and Benimetskiy, Fedor A. and Ivanova, Tatiana and Samusev, Anton K. and Sinev, Ivan S. and Pidgayko, Dmitry and Mozharov, Alexey M. and Mukhin, Ivan S. and Lozhkin, Maksim S. and Kapitonov, Yuri V. and Brichkin, Andrey S. and Kulakovskii, Vladimir D. and Shelykh, Ivan A. and Tartakovskii, Alexander I. and Walker, Paul M. and Skolnick, Maurice S. and Krizhanovskii, Dmitry N. and Iorsh, Ivan V.},
title={Nonlinear polaritons in a monolayer semiconductor coupled to optical bound states in the continuum},
journal={Light Sci. Appl.},
year={2020},
month={Apr},
day={09},
volume={9},
number={1},
pages={56},
issn={2047-7538},
doi={10.1038/s41377-020-0286-z},
url={https://doi.org/10.1038/s41377-020-0286-z}
}

@article{barachati2018interacting,
  title={Interacting polariton fluids in a monolayer of tungsten disulfide},
  author={Barachati, F{\'a}bio and Fieramosca, Antonio and Hafezian, Soroush and Gu, Jie and Chakraborty, Biswanath and Ballarini, Dario and Martinu, Ludvik and Menon, Vinod and Sanvitto, Daniele and K{\'e}na-Cohen, St{\'e}phane},
  journal={Nat. Nanotechnol.},
  volume={13},
  number={10},
  pages={906--909},
  year={2018},
  publisher={Nature Publishing Group}
}

@article{li2020active,
  title={Active perovskite hyperbolic metasurface},
  author={Li, Zhitong and Smalley, Joseph ST and Haroldson, Ross and Lin, Dayang and Hawkins, Roberta and Gharajeh, Abouzar and Moon, Jiyoung and Hou, Junpeng and Zhang, Chuanwei and Hu, Walter and others},
  journal={ACS Photonics},
  volume={7},
  number={7},
  pages={1754--1761},
  year={2020},
  publisher={ACS Publications}
}

@article{adl2020purcell,
  title={Purcell enhancement and wavelength shift of emitted light by CsPbI3 perovskite nanocrystals coupled to hyperbolic metamaterials},
  author={Adl, Hamid Pashaei and Gorji, Setatira and Habil, Mojtaba Karimi and Su{\'a}rez, Isaac and Chirvony, Vladimir S and Gualdr{\'o}n-Reyes, Andr{\'e}s F and Mora-Ser{\'o}, Iv{\'a}n and Valencia, Luisa M and de la Mata, Mar{\'\i}a and Hern{\'a}ndez-Saz, Jes{\'u}s and others},
  journal={ACS Photonics},
  volume={7},
  number={11},
  pages={3152--3160},
  year={2020},
  publisher={ACS Publications}
}

@article{jung2021three,
  title={Three-dimensional nanoprinting via charged aerosol jets},
  author={Jung, Wooik and Jung, Yoon-Ho and Pikhitsa, Peter V and Feng, Jicheng and Yang, Younghwan and Kim, Minkyung and Tsai, Hao-Yuan and Tanaka, Takuo and Shin, Jooyeon and Kim, Kwang-Yeong and others},
  journal={Nature},
  volume={592},
  number={7852},
  pages={54--59},
  year={2021},
  publisher={Nature Publishing Group}
}

@article{li2020large,
  title={Large-area metasurface on CMOS-compatible fabrication platform: driving flat optics from lab to fab},
  author={Li, Nanxi and Xu, Zhengji and Dong, Yuan and Hu, Ting and Zhong, Qize and Fu, Yuan Hsing and Zhu, Shiyang and Singh, Navab},
  journal={Nanophotonics},
  volume={9},
  number={10},
  pages={3071--3087},
  year={2020},
  publisher={De Gruyter}
}

@article{lee2018metasurface,
  title={Metasurface eyepiece for augmented reality},
  author={Lee, Gun-Yeal and Hong, Jong-Young and Hwang, SoonHyoung and Moon, Seokil and Kang, Hyeokjung and Jeon, Sohee and Kim, Hwi and Jeong, Jun-Ho and Lee, Byoungho},
  journal={Nat. Commun.},
  volume={9},
  number={1},
  pages={1--10},
  year={2018},
  publisher={Nature Publishing Group}
}

@article{clarke2018large,
  title={Large-scale dewetting assembly of gold nanoparticles for plasmonic enhanced upconversion nanoparticles},
  author={Clarke, Christian and Liu, Deming and Wang, Fan and Liu, Yongtao and Chen, Chaohao and Ton-That, Cuong and Xu, Xiaoxue and Jin, Dayong},
  journal={Nanoscale},
  volume={10},
  number={14},
  pages={6270--6276},
  year={2018},
  publisher={Royal Society of Chemistry}
}

@article{wang2017dye,
  title={Dye-sensitized lanthanide-doped upconversion nanoparticles},
  author={Wang, Xindong and Valiev, Rashid R and Ohulchanskyy, Tymish Y and {\AA}gren, Hans and Yang, Chunhui and Chen, Guanying},
  journal={Chem. Soc. Rev.},
  volume={46},
  number={14},
  pages={4150--4167},
  year={2017},
  publisher={Royal Society of Chemistry}
}

@article{han2020lanthanide,
  title={Lanthanide-doped inorganic nanoparticles turn molecular triplet excitons bright},
  author={Han, Sanyang and Deng, Renren and Gu, Qifei and Ni, Limeng and Huynh, Uyen and Zhang, Jiangbin and Yi, Zhigao and Zhao, Baodan and Tamura, Hiroyuki and Pershin, Anton and others},
  journal={Nature},
  volume={587},
  number={7835},
  pages={594--599},
  year={2020},
  publisher={Nature Publishing Group}
}

@article{science2013,
  title = {Planar photonics with metasurfaces},
    author = {Kildishev, A.V. and Boltasseva, A. and Shalaev, V.M.},
  year = {2013},
  volume = {339},
  pages = {1232009},
  journal = {Science},
  language = {en},
}


@article{lalanne2017,
  title = {Metalenses at visible wavelengths: past, present, perspectives},
    author = {Lalanne P. and Chavel, P.},
  year = {2017},
  volume = {11},
  pages = {1600295},
  journal = {Laser Photonics Rev.},
  language = {en},
}

@article{tsai2017,
  title = {Fundamentals and applications of metasurfaces},
    author = {Hsiao, H.-H. and Chu, H. and Tsai, D.-P.},
  year = {2017},
  volume = {1},
  pages = {1600064},
  journal = {Small Methods},
  language = {en},
}

@article{jing2020hybrid,
  title={Hybrid organic-inorganic perovskite metamaterial for light trapping and photon-to-electron conversion},
  author={Jing, Hao and Zhu, Yingying and Peng, Ru-Wen and Li, Cheng-Yao and Xiong, Bo and Wang, Zheng and Liu, Yu and Wang, Mu},
  journal={Nanophotonics},
  volume={9},
  number={10},
  pages={3323--3333},
  year={2020},
  publisher={De Gruyter}
}


@article{qiu2021,
  title = {Quo vadis, metasurfaces?},
    author = {Qiu, C.W. and Zhang, T. and Hu, G. and and Kivshar, Y.},
  year = {2021},
  volume = {21},
  pages = {5461–5474},
  journal = {Nano  Lett.},
  language = {en},
}

@article{koshelev2021dielectric,
  title = {Dielectric resonant metaphotonics},
    author = {Koshelev, K. and Kivshar, Y.},
  year = {2021},
  volume = {8},
  pages = {102-112},
  journal = {ACS Photonics},
  language = {en},
}




@article{tiguntseva2020room,
  title={Room-temperature lasing from Mie-resonant nonplasmonic nanoparticles},
  author={Tiguntseva, Ekaterina and Koshelev, Kirill and Furasova, Aleksandra and Tonkaev, Pavel and Mikhailovskii, Vladimir and Ushakova, Elena V and Baranov, Denis G and Shegai, Timur and Zakhidov, Anvar A and Kivshar, Yuri and Makarov, Sergey V.},
  journal={ACS Nano},
  volume={14},
  number={7},
  pages={8149--8156},
  year={2020},
  publisher={ACS Publications}
}

@article{qin2020stable,
  title={Stable room-temperature continuous-wave lasing in quasi-2D perovskite films},
  author={Qin, Chuanjiang and Sandanayaka, Atula SD and Zhao, Chenyang and Matsushima, Toshinori and Zhang, Dezhong and Fujihara, Takashi and Adachi, Chihaya},
  journal={Nature},
  volume={585},
  number={7823},
  pages={53--57},
  year={2020},
  publisher={Nature Publishing Group}
}

@article{lei2021metal,
  title={Metal halide perovskites for laser applications},
  author={Lei, Lei and Dong, Qi and Gundogdu, Kenan and So, Franky},
  journal={Adv. Funct. Mater.},
  volume={31},
  number={16},
  pages={2010144},
  year={2021},
  publisher={Wiley Online Library}
}

@article{d2014excitons,
  title={Excitons versus free charges in organo-lead tri-halide perovskites},
  author={D’innocenzo, Valerio and Grancini, Giulia and Alcocer, Marcelo JP and Kandada, Ajay Ram Srimath and Stranks, Samuel D and Lee, Michael M and Lanzani, Guglielmo and Snaith, Henry J and Petrozza, Annamaria},
  journal={Nat. Commun.},
  volume={5},
  number={1},
  pages={1--6},
  year={2014},
  publisher={Nature Publishing Group}
}

@article{mauck2019excitons,
  title={Excitons in 2D organic--inorganic halide perovskites},
  author={Mauck, Catherine M and Tisdale, William A},
  journal={Trends Chem.},
  volume={1},
  number={4},
  pages={380--393},
  year={2019},
  publisher={Elsevier}
}

@article{baranowski2020excitons,
  title={Excitons in metal-halide perovskites},
  author={Baranowski, Michal and Plochocka, Paulina},
  journal={Adv. Energy Mater.},
  volume={10},
  number={26},
  pages={1903659},
  year={2020},
  publisher={Wiley Online Library}
}

@article{miroshnichenko2015nonradiating,
  title={Nonradiating anapole modes in dielectric nanoparticles},
  author={Miroshnichenko, Andrey E and Evlyukhin, Andrey B and Yu, Ye Feng and Bakker, Reuben M and Chipouline, Arkadi and Kuznetsov, Arseniy I and Luk’yanchuk, Boris and Chichkov, Boris N and Kivshar, Yuri S},
  journal={Nat. Commun.},
  volume={6},
  number={1},
  pages={1--8},
  year={2015},
  publisher={Nature Publishing Group}
}

@article{yang2019nonradiating,
  title={Nonradiating anapole states in nanophotonics: from fundamentals to applications},
  author={Yang, Yuanqing and Bozhevolnyi, Sergey I},
  journal={Nanotechnology},
  volume={30},
  number={20},
  pages={204001},
  year={2019},
  publisher={IOP Publishing}
}

@article{limonov2017fano,
  title={Fano resonances in photonics},
  author={Limonov, Mikhail F and Rybin, Mikhail V and Poddubny, Alexander N and Kivshar, Yuri S},
  journal={Nat. Photonics},
  volume={11},
  number={9},
  pages={543--554},
  year={2017},
  publisher={Nature Publishing Group}
}

@article{miroshnichenko2010fano,
  title={Fano resonances in nanoscale structures},
  author={Miroshnichenko, Andrey E and Flach, Sergej and Kivshar, Yuri S},
  journal={Rev. Mod. Phys.},
  volume={82},
  number={3},
  pages={2257},
  year={2010},
  publisher={APS}
}



@article{zhang2019controlled,
  title={Controlled synthesis and photonics applications of metal halide perovskite nanowires},
  author={Zhang, Xuehong and Chen, Shula and Wang, Xiao and Pan, Anlian},
  journal={Small Methods},
  volume={3},
  number={1},
  pages={1800294},
  year={2019},
  publisher={Wiley Online Library}
}

@article{tiguntseva2018tunable,
  title={Tunable hybrid Fano resonances in halide perovskite nanoparticles},
  author={Tiguntseva, Ekaterina Y and Baranov, Denis G and Pushkarev, Anatoly P and Munkhbat, Battulga and Komissarenko, Filipp and Franckevicius, Marius and Zakhidov, Anvar A and Shegai, Timur and Kivshar, Yuri S and Makarov, Sergey V},
  journal={Nano  Lett.},
  volume={18},
  number={9},
  pages={5522--5529},
  year={2018},
  publisher={ACS Publications}
}

@article{franceschini2020tuning,
  title={Tuning the ultrafast response of Fano resonances in halide perovskite nanoparticles},
  author={Franceschini, Paolo and Carletti, Luca and Pushkarev, Anatoly P and Preda, Fabrizio and Perri, Antonio and Tognazzi, Andrea and Ronchi, Andrea and Ferrini, Gabriele and Pagliara, Stefania and Banfi, Francesco and others},
  journal={ACS Nano},
  volume={14},
  number={10},
  pages={13602--13610},
  year={2020},
  publisher={ACS Publications}
}
@article{huang2020ultrafast,
  title={Ultrafast control of vortex microlasers},
  author={Huang, Can and Zhang, Chen and Xiao, Shumin and Wang, Yuhan and Fan, Yubin and Liu, Yilin and Zhang, Nan and Qu, Geyang and Ji, Hongjun and Han, Jiecai and others},
  journal={Science},
  volume={367},
  number={6481},
  pages={1018--1021},
  year={2020},
  publisher={American Association for the Advancement of Science}
}

﻿@Article{fan2019resonance,
author={Fan, Yubin
and Wang, Yuhan
and Zhang, Nan
and Sun, Wenzhao
and Gao, Yisheng
and Qiu, Cheng-Wei
and Song, Qinghai
and Xiao, Shumin},
title={Resonance-enhanced three-photon luminesce via lead halide perovskite metasurfaces for optical encoding},
journal={Nat. Commun.},
year={2019},
month={May},
day={07},
volume={10},
number={1},
pages={2085},
issn={2041-1723},
doi={10.1038/s41467-019-10090-7},
url={https://doi.org/10.1038/s41467-019-10090-7}
}



@article{xu2020halide,
  title={Halide perovskites for nonlinear optics},
  author={Xu, Jialiang and Li, Xinyue and Xiong, Jianbo and Yuan, Chunqing and Semin, Sergey and Rasing, Theo and Bu, Xian-He},
  journal={Adv. Mater.},
  volume={32},
  number={3},
  pages={1806736},
  year={2020},
  publisher={Wiley Online Library}
}

@article{kumar2020excitons,
  title={Excitons in 2D perovskites for ultrafast terahertz photonic devices},
  author={Kumar, Abhishek and Solanki, Ankur and Manjappa, Manukumara and Ramesh, Sankaran and Srivastava, Yogesh Kumar and Agarwal, Piyush and Sum, Tze Chien and Singh, Ranjan},
  journal={Sci. Adv.},
  volume={6},
  number={8},
  pages={eaax8821},
  year={2020},
  publisher={American Association for the Advancement of Science}
}

@article{gao2018lead,
  title={Lead halide perovskite nanostructures for dynamic color display},
  author={Gao, Yisheng and Huang, Can and Hao, Chenglong and Sun, Shang and Zhang, Lei and Zhang, Chen and Duan, Zonghui and Wang, Kaiyang and Jin, Zhongwei and Zhang, Nan and others},
  journal={ACS Nano},
  volume={12},
  number={9},
  pages={8847--8854},
  year={2018},
  publisher={ACS Publications}
}

@article{fan2021enhanced,
  title={Enhanced multiphoton processes in perovskite metasurfaces},
  author={Fan, Yubin and Tonkaev, Pavel and Wang, Yuhan and Song, Qinghai and Han, Jiecai and Makarov, Sergey V and Kivshar, Yuri and Xiao, Shumin},
  journal={Nano  Lett.},
  volume={21},
  number={17},
  pages={7191--7197},
  year={2021},
  publisher={ACS Publications}
}
@article{zhang2019lead,
  title={Lead halide perovskite-based dynamic metasurfaces},
  author={Zhang, Chen and Xiao, Shumin and Wang, Yuhan and Gao, Yisheng and Fan, Yubin and Huang, Can and Zhang, Nan and Yang, Wenhong and Song, Qinghai},
  journal={Laser Photonics Rev.},
  volume={13},
  number={7},
  pages={1900079},
  year={2019},
  publisher={Wiley Online Library}
}
@article{manjappa2017hybrid,
  title={Hybrid lead halide perovskites for ultrasensitive photoactive switching in terahertz metamaterial devices},
  author={Manjappa, Manukumara and Srivastava, Yogesh Kumar and Solanki, Ankur and Kumar, Abhishek and Sum, Tze Chien and Singh, Ranjan},
  journal={Adv. Mater.},
  volume={29},
  number={32},
  pages={1605881},
  year={2017},
  publisher={Wiley Online Library}
}
@article{gholipour2017organometallic,
  title={Organometallic perovskite metasurfaces},
  author={Gholipour, Behrad and Adamo, Giorgio and Cortecchia, Daniele and Krishnamoorthy, Harish NS and Birowosuto, Muhammad D and Zheludev, Nikolay I and Soci, Cesare},
  journal={Adv. Mater.},
  volume={29},
  number={9},
  year={2017},
  publisher={Wiley Online Library}
}

@article{cao2018perovskite,
  title={Perovskite light-emitting diodes based on spontaneously formed submicrometre-scale structures},
  author={Cao, Yu and Wang, Nana and Tian, He and Guo, Jingshu and Wei, Yingqiang and Chen, Hong and Miao, Yanfeng and Zou, Wei and Pan, Kang and He, Yarong and Cao, Hui and  Ke, You and Xu, Mengmeng and Wang, Ying and Yang, Ming and Du, Kai and Fu,  Zewu and Kong, Decheng and Dai, Daoxin and Jin, Yizheng and Li, Gongqiang and Li, Hai and Peng, Qiming and Wang, Jianpu and Huang, Wei},
  journal={Nature},
  volume={562},
  number={7726},
  pages={249--253},
  year={2018},
  publisher={Nature Publishing Group}
}

@article{driscoll2009memory,
  title={Memory metamaterials},
  author={Driscoll, Tom and Kim, Hyun-Tak and Chae, Byung-Gyu and Kim, Bong-Jun and Lee, Yong-Wook and Jokerst, N Marie and Palit, Sabarni and Smith, David R and Di Ventra, Massimiliano and Basov, Dimitri N},
  journal={Science},
  volume={325},
  number={5947},
  pages={1518--1521},
  year={2009},
  publisher={American Association for the Advancement of Science}
}

@article{makarov2017multifold,
  title={Multifold emission enhancement in nanoimprinted hybrid perovskite metasurfaces},
  author={Makarov, Sergey V and Milichko, Valentin and Ushakova, Elena V and Omelyanovich, Mikhail and Cerdan Pasaran, Andrea and Haroldson, Ross and Balachandran, Balasubramaniam and Wang, Honglei and Hu, Walter and Kivshar, Yuri S and others},
  journal={ACS Photonics},
  volume={4},
  number={4},
  pages={728--735},
  year={2017},
  publisher={ACS Publications}
}

@article{tiguntseva2018light,
  title={Light-emitting halide perovskite nanoantennas},
  author={Tiguntseva, EY and Zograf, George P and Komissarenko, Filipp E and Zuev, Dmitry A and Zakhidov, Anvar A and Makarov, Sergey V and Kivshar, Yuri S},
  journal={Nano  Lett.},
  volume={18},
  number={2},
  pages={1185--1190},
  year={2018},
  publisher={ACS Publications}
}

@article{lin2018perovskite,
  title={Perovskite light-emitting diodes with external quantum efficiency exceeding 20 per cent},
  author={Lin, Kebin and Xing, Jun and Quan, Li Na and de Arquer, F Pelayo Garc{\'\i}a and Gong, Xiwen and Lu, Jianxun and Xie, Liqiang and Zhao, Weijie and Zhang, Di and Yan, Chuanzhong and others},
  journal={Nature},
  volume={562},
  number={7726},
  pages={245--248},
  year={2018},
  publisher={Nature Publishing Group}
}

@article{lee2003high,
  title={A high-extraction-efficiency nanopatterned organic light-emitting diode},
  author={Lee, Yong-Jae and Kim, Se-Heon and Huh, Joon and Kim, Guk-Hyun and Lee, Yong-Hee and Cho, Sang-Hwan and Kim, Yoon-Chang and Do, Young Rag},
  journal={App. Phys. Lett.},
  volume={82},
  number={21},
  pages={3779--3781},
  year={2003},
  publisher={American Institute of Physics}
}

@article{baryshnikova2020broadband,
  title={Broadband antireflection with halide perovskite metasurfaces},
  author={Baryshnikova, Kseniia and Gets, Dmitry and Liashenko, Tatiana and Pushkarev, Anatoly and Mukhin, Ivan and Kivshar, Yuri and Makarov, Sergey},
  journal={Laser Photonics Rev.},
  volume={14},
  number={12},
  pages={2000338},
  year={2020},
  publisher={Wiley Online Library}
}

﻿@Article{richter2016enhancing,
author={Richter, Johannes M.
and Abdi-Jalebi, Mojtaba
and Sadhanala, Aditya
and Tabachnyk, Maxim
and Rivett, Jasmine P.H.
and Pazos-Out{\'o}n, Luis M.
and G{\"o}del, Karl C.
and Price, Michael
and Deschler, Felix
and Friend, Richard H.},
title={Enhancing photoluminescence yields in lead halide perovskites by photon recycling and light out-coupling},
journal={Nat. Commun.},
year={2016},
month={Dec},
day={23},
volume={7},
number={1},
pages={13941},
issn={2041-1723},
doi={10.1038/ncomms13941},
url={https://doi.org/10.1038/ncomms13941}
}



@article{ziebarth2004extracting,
  title={Extracting light from polymer light-emitting diodes using stamped bragg gratings},
  author={Ziebarth, Jonathan M and Saafir, Ameen K and Fan, Shanhui and McGehee, Michael D},
  journal={Adv. Funct. Mater.},
  volume={14},
  number={5},
  pages={451--456},
  year={2004},
  publisher={Wiley Online Library}
}

@article{amani2015near,
  title={Near-unity photoluminescence quantum yield in MoS2},
  author={Amani, Matin and Lien, Der-Hsien and Kiriya, Daisuke and Xiao, Jun and Azcatl, Angelica and Noh, Jiyoung and Madhvapathy, Surabhi R and Addou, Rafik and Santosh, KC and Dubey, Madan and others},
  journal={Science},
  volume={350},
  number={6264},
  pages={1065--1068},
  year={2015},
  publisher={American Association for the Advancement of Science}
}

@article{rybin2017high,
  title={High-Q supercavity modes in subwavelength dielectric resonators},
  author={Rybin, Mikhail V and Koshelev, Kirill L and Sadrieva, Zarina F and Samusev, Kirill B and Bogdanov, Andrey A and Limonov, Mikhail F and Kivshar, Yuri S},
  journal={Phys. Rev. Lett.},
  volume={119},
  number={24},
  pages={243901},
  year={2017},
  publisher={APS}
}

@article{koshelev2020dielectric,
  title={Dielectric resonant metaphotonics},
  author={Koshelev, Kirill and Kivshar, Yuri},
  journal={ACS Photonics},
  volume={8},
  number={1},
  pages={102--112},
  year={2020},
  publisher={ACS Publications}
}

@article{lochner2019controlling,
  title={Controlling second-harmonic diffraction by nano-patterning MoS 2 monolayers},
  author={L{\"o}chner, Franz JF and Mupparapu, Rajeshkumar and Steinert, Michael and George, Antony and Tang, Zian and Turchanin, Andrey and Pertsch, Thomas and Staude, Isabelle and Setzpfandt, Frank},
  journal={Opt. Express},
  volume={27},
  number={24},
  pages={35475--35484},
  year={2019},
  publisher={Optical Society of America}
}

@article{seyler2015electrical,
  title={Electrical control of second-harmonic generation in a WSe 2 monolayer transistor},
  author={Seyler, Kyle L and Schaibley, John R and Gong, Pu and Rivera, Pasqual and Jones, Aaron M and Wu, Sanfeng and Yan, Jiaqiang and Mandrus, David G and Yao, Wang and Xu, Xiaodong},
  journal={Nat. Nanotechnol.},
  volume={10},
  number={5},
  pages={407--411},
  year={2015},
  publisher={Nature Publishing Group}
}

@article{wang2021highly,
  title={Highly controllable etchless perovskite microlasers based on bound states in the continuum},
  author={Wang, Yuhan and Fan, Yubin and Zhang, Xudong and Tang, Haijun and Song, Qinghai and Han, Jiecai and Xiao, Shumin},
  journal={ACS Nano},
  volume={15},
  number={4},
  pages={7386--7391},
  year={2021},
  publisher={ACS Publications}
}


@article{qiu2017vortex,
  title={Vortex generation reaches a new plateau},
  author={Qiu, Cheng-Wei and Yang, Yuanjie},
  journal={Science},
  volume={357},
  number={6352},
  pages={645--645},
  year={2017},
  publisher={American Association for the Advancement of Science}
}

@article{pourdavoud2019room,
  title={Room-temperature stimulated emission and lasing in recrystallized cesium lead bromide perovskite thin films},
  author={Pourdavoud, Neda and Haeger, Tobias and Mayer, Andre and Cegielski, Piotr Jacek and Giesecke, Anna Lena and Heiderhoff, Ralf and Olthof, Selina and Zaefferer, Stefan and Shutsko, Ivan and Henkel, Andreas and others},
  journal={Adv. Mater.},
  volume={31},
  number={39},
  pages={1903717},
  year={2019},
  publisher={Wiley Online Library}
}

@article{wei2019recent,
  title={Recent progress in metal halide perovskite micro-and nanolasers},
  author={Wei, Qi and Li, Xiaojun and Liang, Chao and Zhang, Zhipeng and Guo, Jia and Hong, Guo and Xing, Guichuan and Huang, Wei},
  journal={Adv. Opt. Mater.},
  volume={7},
  number={17},
  pages={1900080},
  year={2019},
  publisher={Wiley Online Library}
}



@article{zhu2015lead,
  title={Lead halide perovskite nanowire lasers with low lasing thresholds and high quality factors},
  author={Zhu, Haiming and Fu, Yongping and Meng, Fei and Wu, Xiaoxi and Gong, Zizhou and Ding, Qi and Gustafsson, Martin V and Trinh, M Tuan and Jin, Song and Zhu, XY},
  journal={Nat. Mater.},
  volume={14},
  number={6},
  pages={636--642},
  year={2015},
  publisher={Nature Publishing Group}
}

@article{xing2015vapor,
  title={Vapor phase synthesis of organometal halide perovskite nanowires for tunable room-temperature nanolasers},
  author={Xing, Jun and Liu, Xin Feng and Zhang, Qing and Ha, Son Tung and Yuan, Yan Wen and Shen, Chao and Sum, Tze Chien and Xiong, Qihua},
  journal={Nano  Lett.},
  volume={15},
  number={7},
  pages={4571--4577},
  year={2015},
  publisher={ACS Publications}
}

@article{liu2021metal,
  title={Metal halide perovskites for light-emitting diodes},
  author={Liu, Xiao-Ke and Xu, Weidong and Bai, Sai and Jin, Yizheng and Wang, Jianpu and Friend, Richard H and Gao, Feng},
  journal={Nat. Mater.},
  volume={20},
  number={1},
  pages={10--21},
  year={2021},
  publisher={Nature Publishing Group}
}

@article{stranks2015metal,
  title={Metal-halide perovskites for photovoltaic and light-emitting devices},
  author={Stranks, Samuel D and Snaith, Henry J},
  journal={Nat. Nanotechnol.},
  volume={10},
  number={5},
  pages={391--402},
  year={2015},
  publisher={Nature Publishing Group}
}



@article{zhizhchenko2019single,
  title={Single-mode lasing from imprinted halide-perovskite microdisks},
  author={Zhizhchenko, Alexey and Syubaev, Sergey and Berestennikov, Alexander and Yulin, Alexey V and Porfirev, Alexey and Pushkarev, Anatoly and Shishkin, Ivan and Golokhvast, Kirill and Bogdanov, Andrey A and Zakhidov, Anvar A and others},
  journal={ACS Nano},
  volume={13},
  number={4},
  pages={4140--4147},
  year={2019},
  publisher={ACS Publications}
}

@article{staude2015shaping,
  title={Shaping photoluminescence spectra with magnetoelectric resonances in all-dielectric nanoparticles},
  author={Staude, Isabelle and Khardikov, Vyacheslav V and Fofang, Nche T and Liu, Sheng and Decker, Manuel and Neshev, Dragomir N and Luk, Ting Shan and Brener, Igal and Kivshar, Yuri S},
  journal={ACS Photonics},
  volume={2},
  number={2},
  pages={172--177},
  year={2015},
  publisher={ACS Publications}
}

@article{wu2020room,
  title={Room-temperature lasing in colloidal nanoplatelets via mie-resonant bound states in the continuum},
  author={Wu, Mengfei and Ha, Son Tung and Shendre, Sushant and Durmusoglu, Emek G and Koh, Weon-Kyu and Abujetas, Diego R and S{\'a}nchez-Gil, Jos{\'e} A and Paniagua-Dom{\'\i}nguez, Ram{\'o}n and Demir, Hilmi Volkan and Kuznetsov, Arseniy I},
  journal={Nano  Lett.},
  volume={20},
  number={8},
  pages={6005--6011},
  year={2020},
  publisher={ACS Publications}
}

@Article{zyuzin2018photoluminescence,
author={Zyuzin, Mikhail V.
and Baranov, Denis G.
and Escudero, Alberto
and Chakraborty, Indranath
and Tsypkin, Anton
and Ushakova, Elena V.
and Kraus, Florain
and Parak, Wolfgang J.
and Makarov, Sergey V.},
title={Photoluminescence quenching of dye molecules near a resonant silicon nanoparticle},
journal={Sci. Rep.},
year={2018},
month={Apr},
day={17},
volume={8},
number={1},
pages={6107},
issn={2045-2322},
doi={10.1038/s41598-018-24492-y},
url={https://doi.org/10.1038/s41598-018-24492-y}
}



@article{polushkin2020single,
  title={Single-particle perovskite lasers: from material properties to cavity design},
  author={Polushkin, Artem S and Tiguntseva, Ekaterina Y and Pushkarev, Anatoly P and Makarov, Sergey V},
  journal={Nanophotonics},
  volume={9},
  number={3},
  pages={599--610},
  year={2020},
  publisher={De Gruyter}
}

@article{kodigala2017lasing,
  title={Lasing action from photonic bound states in continuum},
  author={Kodigala, Ashok and Lepetit, Thomas and Gu, Qing and Bahari, Babak and Fainman, Yeshaiahu and Kant{\'e}, Boubacar},
  journal={Nature},
  volume={541},
  number={7636},
  pages={196--199},
  year={2017},
  publisher={Nature Publishing Group}
}

@article{zeng2020electrically,
  title={Electrically pumped topological laser with valley edge modes},
  author={Zeng, Yongquan and Chattopadhyay, Udvas and Zhu, Bofeng and Qiang, Bo and Li, Jinghao and Jin, Yuhao and Li, Lianhe and Davies, Alexander Giles and Linfield, Edmund Harold and Zhang, Baile and Chong,Yidong and Wang, Qi Jie},
  journal={Nature},
  volume={578},
  number={7794},
  pages={246--250},
  year={2020},
  publisher={Nature Publishing Group}
}

@article{bandres2018topological,
author = {Miguel A. Bandres  and Steffen Wittek  and Gal Harari  and Midya Parto  and Jinhan Ren  and Mordechai Segev  and Demetrios N. Christodoulides  and Mercedeh Khajavikhan },
title = {Topological insulator laser: Experiments},
journal = {Science},
volume = {359},
number = {6381},
pages = {eaar4005},
year = {2018},
doi = {10.1126/science.aar4005},

URL = {https://www.science.org/doi/abs/10.1126/science.aar4005},
eprint = {https://www.science.org/doi/pdf/10.1126/science.aar4005},
}



@article{lu2014topological,
  title={Topological photonics},
  author={Lu, Ling and Joannopoulos, John D and Solja{\v{c}}i{\'c}, Marin},
  journal={Nat.  Photon.},
  volume={8},
  number={11},
  pages={821--829},
  year={2014},
  publisher={Nature Publishing Group}
}

@article{berestennikov2021enhanced,
  title={Enhanced photoluminescence of halide perovskite nanocrystals mediated by a higher-order topological metasurface},
  author={Berestennikov, Alexander S and Vakulenko, Anton and Kiriushechkina, Svetlana and Li, Mengyao and Li, Yanxiu and Zelenkov, Lev E and Pushkarev, Anatoly P and Gorlach, Maxim A and Rogach, Andrey L and Makarov, Sergey V and others},
  journal={J. Phys. Chem. C},
  volume={125},
  number={18},
  pages={9884--9890},
  year={2021},
  publisher={ACS Publications}
}

@article{berestennikov2019active,
  title={Active meta-optics and nanophotonics with halide perovskites},
  author={Berestennikov, Alexander S and Voroshilov, Pavel M and Makarov, Sergey V and Kivshar, Yuri S},
  journal={Appl. Phys. Rev.},
  volume={6},
  number={3},
  pages={031307},
  year={2019},
  publisher={AIP Publishing LLC}
}



@Article{zhang2019all,
author={Zhang, Nan
and Fan, Yubin
and Wang, Kaiyang
and Gu, Zhiyuan
and Wang, Yuhan
and Ge, Li
and Xiao, Shumin
and Song, Qinghai},
title={All-optical control of lead halide perovskite microlasers},
journal={Nat. Commun.},
year={2019},
month={Apr},
day={16},
volume={10},
number={1},
pages={1770},
issn={2041-1723},
doi={10.1038/s41467-019-09876-6},
url={https://doi.org/10.1038/s41467-019-09876-6}
}


@article{im20116,
  title={6.5\% efficient perovskite quantum-dot-sensitized solar cell},
  author={Im, Jeong-Hyeok and Lee, Chang-Ryul and Lee, Jin-Wook and Park, Sang-Won and Park, Nam-Gyu},
  journal={Nanoscale},
  volume={3},
  number={10},
  pages={4088--4093},
  year={2011},
  publisher={Royal Society of Chemistry}
}

@article{barrows2014efficient,
  title={Efficient planar heterojunction mixed-halide perovskite solar cells deposited via spray-deposition},
  author={Barrows, Alexander T and Pearson, Andrew J and Kwak, Chan Kyu and Dunbar, Alan DF and Buckley, Alastair R and Lidzey, David G},
  journal={Energy Environ. Sci.},
  volume={7},
  number={9},
  pages={2944--2950},
  year={2014},
  publisher={Royal Society of Chemistry}
}

@article{era1997self,
  title={Self-organized growth of PbI-based layered perovskite quantum well by dual-source vapor deposition},
  author={Era, Masanao and Hattori, Toshihiko and Taira, Takahiro and Tsutsui, Tetsuo},
  journal={Chem. Mater.},
  volume={9},
  number={1},
  pages={8--10},
  year={1997},
  publisher={ACS Publications}
}

@article{liang1998synthesis,
  title={Synthesis and characterization of organic- inorganic perovskite thin films prepared using a versatile two-step dipping technique},
  author={Liang, Kangning and Mitzi, David B and Prikas, Michael T},
  journal={Chem. Mater.},
  volume={10},
  number={1},
  pages={403--411},
  year={1998},
  publisher={ACS Publications}
}

@article{pushkarev2018few,
  title={A few-minute synthesis of CsPbBr3 nanolasers with a high quality factor by spraying at ambient conditions},
  author={Pushkarev, Anatoly P and Korolev, Viacheslav I and Markina, Daria I and Komissarenko, Filipp E and Naujokaitis, Arnas and Drabavicius, Audrius and Pakstas, Vidas and Franckevicius, Marius and Khubezhov, Soslan A and Sannikov, Denis A and others},
  journal={ACS Appl. Mater. Interfaces},
  volume={11},
  number={1},
  pages={1040--1048},
  year={2018},
  publisher={ACS Publications}
}

@article{hirotsu1974structural,
  title={Structural phase transitions in CsPbBr3},
  author={Hirotsu, Shunsuke and Harada, Jimpei and Iizumi, Masashi and Gesi, Kazuo},
  journal={J. Phys. Soc. Japan},
  volume={37},
  number={5},
  pages={1393--1398},
  year={1974},
  publisher={The Physical Society of Japan}
}

@article{hirotsu1978elastic,
  title={Elastic constants and thermal expansion of CsPbCl3},
  author={Hirotsu, Shunsuke and Suzuki, Tomonobu},
  journal={J. Phys. Soc. Japan},
  volume={44},
  number={5},
  pages={1604--1611},
  year={1978},
  publisher={The Physical Society of Japan}
}

@article{fujii1974neutron,
  title={Neutron-scattering study on phase transitions of cspb cl 3},
  author={Fujii, Y and Hoshino, S and Yamada, Y and Shirane, G},
  journal={Phys. Rev.B},
  volume={9},
  number={10},
  pages={4549},
  year={1974},
  publisher={APS}
}

@article{tovborg1969nqr,
  title={NQR investigation of phase transitions in cesium plumbochloride},
  author={Tovborg-Jensen, N},
  journal={J. Chem. Phys.},
  volume={50},
  number={1},
  pages={559--560},
  year={1969},
  publisher={American Institute of Physics}
}

@article{hirotsu1971experimental,
  title={Experimental studies of structural phase transitions in CsPbCl3},
  author={Hirotsu, Shunsuke},
  journal={J. Phys. Soc. Japan},
  volume={31},
  number={2},
  pages={552--560},
  year={1971},
  publisher={The Physical Society of Japan}
}

@article{raino2018superfluorescence,
  title={Superfluorescence from lead halide perovskite quantum dot superlattices},
  author={Rain{\`o}, Gabriele and Becker, Michael A and Bodnarchuk, Maryna I and Mahrt, Rainer F and Kovalenko, Maksym V and St{\"o}ferle, Thilo},
  journal={Nature},
  volume={563},
  number={7733},
  pages={671--675},
  year={2018},
  publisher={Nature Publishing Group}
}
@article{sutherland2016perovskite,
  title={Perovskite photonic sources},
  author={Sutherland, Brandon R and Sargent, Edward H},
  journal={Nat.  Photon.},
  volume={10},
  number={5},
  pages={295--302},
  year={2016},
  publisher={Nature Publishing Group}
}

@article{wang2020boosting,
  title={Boosting perovskite photodetector performance in NIR using plasmonic bowtie nanoantenna arrays},
  author={Wang, Bin and Zou, Yuting and Lu, Huanyu and Kong, Wenchi and Singh, Subhash C and Zhao, Chen and Yao, Chaonan and Xing, Jun and Zheng, Xin and Yu, Zhi and Tong, Cunzhu and Xin, Wei and Yu, Weili and Zhao, Bo and Guo, Chunlei},
  journal={Small},
  volume={16},
  number={24},
  pages={2001417},
  year={2020},
  publisher={Wiley Online Library}
}

@article{zhan2019butterfly,
  title={A butterfly-inspired hierarchical light-trapping structure towards a high-performance polarization-sensitive perovskite photodetector},
  author={Zhan, Yan and Wang, Yang and Cheng, Qunfeng and Li, Chang and Li, Kaixuan and Li, Huizeng and Peng, Jingsong and Lu, Bo and Wang, Yu and Song, Yanlin and others},
  journal={Angew. Chem.},
  volume={131},
  number={46},
  pages={16608--16614},
  year={2019},
  publisher={Wiley Online Library}
}

@article{zhang2017perovskite,
  title={Perovskite--erbium silicate nanosheet hybrid waveguide photodetectors at the near-infrared telecommunication band},
  author={Zhang, Xuehong and Yang, Shuzhen and Zhou, Hong and Liang, Junwu and Liu, Huawei and Xia, Hui and Zhu, Xiaoli and Jiang, Ying and Zhang, Qinglin and Hu, Wei and others},
  journal={Adv. Mater.},
  volume={29},
  number={21},
  pages={1604431},
  year={2017},
  publisher={Wiley Online Library}
}

@article{chang2020tunable,
  title={Tunable Mie resonances of tin-based iodide perovskite island like films with enhanced infrared photoluminescence},
  author={Chang, Shuai and Ushakova, Elena V and Litvin, Aleksandr P and Cherevkov, Sergei A and Sokolova, Anastasiia V and Gets, Dmitry and Berestennikov, Alexander and Makarov, Sergey and Chen, Tao and Rogach, Andrey L and others},
  journal={J. Phys. Chem. Lett.},
  volume={11},
  number={9},
  pages={3332--3338},
  year={2020},
  publisher={ACS Publications}
}

@article{hoke2015reversible,
  title={Reversible photo-induced trap formation in mixed-halide hybrid perovskites for photovoltaics},
  author={Hoke, Eric T and Slotcavage, Daniel J and Dohner, Emma R and Bowring, Andrea R and Karunadasa, Hemamala I and McGehee, Michael D},
  journal={Chem. Sci.},
  volume={6},
  number={1},
  pages={613--617},
  year={2015},
  publisher={Royal Society of Chemistry}
}

@article{xiao2019lead,
  title={From lead halide perovskites to lead-free metal halide perovskites and perovskite derivatives},
  author={Xiao, Zewen and Song, Zhaoning and Yan, Yanfa},
  journal={Adv. Mater.},
  volume={31},
  number={47},
  pages={1803792},
  year={2019},
  publisher={Wiley Online Library}
}

@article{stoumpos2015hybrid,
  title={Hybrid germanium iodide perovskite semiconductors: active lone pairs, structural distortions, direct and indirect energy gaps, and strong nonlinear optical properties},
  author={Stoumpos, Constantinos C and Frazer, Laszlo and Clark, Daniel J and Kim, Yong Soo and Rhim, Sonny H and Freeman, Arthur J and Ketterson, John B and Jang, Joon I and Kanatzidis, Mercouri G},
  journal={J. Am. Chem. Soc.},
  volume={137},
  number={21},
  pages={6804--6819},
  year={2015},
  publisher={ACS Publications}
}

@article{li2018plasmonic,
  title={Plasmonic photonic crystals induced two-order fluorescence enhancement of blue perovskite nanocrystals and its application for high-performance flexible ultraviolet photodetectors},
  author={Li, Dongyu and Zhou, Donglei and Xu, Wen and Chen, Xu and Pan, Gencai and Zhou, Xiangyu and Ding, Nan and Song, Hongwei},
  journal={Adv. Funct. Mater.},
  volume={28},
  number={41},
  pages={1804429},
  year={2018},
  publisher={Wiley Online Library}
}

@article{kristensen2016plasmonic,
author={Kristensen, Anders
and Yang, Joel K. W.
and Bozhevolnyi, Sergey I.
and Link, Stephan
and Nordlander, Peter
and Halas, Naomi J.
and Mortensen, N. Asger},
title={Plasmonic colour generation},
journal={Nat. Rev. Mater.},
year={2016},
month={Nov},
day={22},
volume={2},
number={1},
pages={16088},
issn={2058-8437},
doi={10.1038/natrevmats.2016.88},
url={https://doi.org/10.1038/natrevmats.2016.88}
}



@article{cao2019self,
  title={Self-powered UV--Vis--NIR photodetector based on conjugated-polymer/CsPbBr3 nanowire array},
  author={Cao, Fengren and Tian, Wei and Deng, Kaimo and Wang, Meng and Li, Liang},
  journal={Adv. Funct. Mater.},
  volume={29},
  number={48},
  pages={1906756},
  year={2019},
  publisher={Wiley Online Library}
}

@article{wang2016nanoimprinted,
  title={Nanoimprinted perovskite nanograting photodetector with improved efficiency},
  author={Wang, Honglei and Haroldson, Ross and Balachandran, Balasubramaniam and Zakhidov, Alex and Sohal, Sandeep and Chan, Julia Y and Zakhidov, Anvar and Hu, Walter},
  journal={ACS Nano},
  volume={10},
  number={12},
  pages={10921--10928},
  year={2016},
  publisher={ACS Publications}
}


@article{du2018plasmonic,
  title={Plasmonic-functionalized broadband perovskite photodetector},
  author={Du, Bowen and Yang, Wenqiang and Jiang, Qiao and Shan, Hangyong and Luo, Deying and Li, Bowen and Tang, Weichen and Lin, Feng and Shen, Bo and Gong, Qihuang and others},
  journal={Adv. Opt. Mater.},
  volume={6},
  number={8},
  pages={1701271},
  year={2018},
  publisher={Wiley Online Library}
}

@article{li2020enhanced,
  title={Enhanced spatial light confinement of all inorganic perovskite photodetectors based on hybrid plasmonic nanostructures},
  author={Li, Ming-Yu and Shen, Kai and Xu, Hao and Ren, Aobo and Lee, Jihoon and Kunwar, Sundar and Liu, Sisi and Wu, Jiang},
  journal={Small},
  volume={16},
  number={46},
  pages={2004234},
  year={2020},
  publisher={Wiley Online Library}
}

@article{wang2018perovskite,
  title={Perovskite--gold nanorod hybrid photodetector with high responsivity and low driving voltage},
  author={Wang, Huan and Lim, Ju Won and Quan, Li Na and Chung, Kyungwha and Jang, Yu Jin and Ma, Yuguang and Kim, Dong Ha},
  journal={Adv. Opt. Mater.},
  volume={6},
  number={13},
  pages={1701397},
  year={2018},
  publisher={Wiley Online Library}
}

@article{wang2018colloquium,
  title={Colloquium: Excitons in atomically thin transition metal dichalcogenides},
  author={Wang, Gang and Chernikov, Alexey and Glazov, Mikhail M and Heinz, Tony F and Marie, Xavier and Amand, Thierry and Urbaszek, Bernhard},
  journal={Rev. Mod. Phys.},
  volume={90},
  number={2},
  pages={021001},
  year={2018},
  publisher={APS}
}

@article{liu2019using,
  title={Using silver nanoparticles-embedded silica metafilms as substrates to enhance the performance of perovskite photodetectors},
  author={Liu, Bo and Gutha, Rithvik R and Kattel, Bhupal and Alamri, Mohammed and Gong, Maogang and Sadeghi, Seyed M and Chan, Wai-Lun and Wu, Judy Z},
  journal={ACS Appl. Mater. Interfaces},
  volume={11},
  number={35},
  pages={32301--32309},
  year={2019},
  publisher={ACS Publications}
}

@article{wang2017plasmon,
  title={Plasmon-mediated wavelength-selective enhanced photoresponse in polymer photodetectors},
  author={Wang, Huan and Lim, Ju Won and Mota, Filipe Marques and Jang, Yu Jin and Yoon, Minji and Kim, Heejun and Hu, Wei and Noh, Yong-Young and Kim, Dong Ha},
  journal={J. Mater. Chem. C},
  volume={5},
  number={2},
  pages={399--407},
  year={2017},
  publisher={Royal Society of Chemistry}
}

@article{sun2016plasmonic,
  title={Plasmonic-enhanced perovskite--graphene hybrid photodetectors},
  author={Sun, Zhenhua and Aigouy, Lionel and Chen, Zhuoying},
  journal={Nanoscale},
  volume={8},
  number={14},
  pages={7377--7383},
  year={2016},
  publisher={Royal Society of Chemistry}
}

@article{dong2016improving,
  title={Improving all-inorganic perovskite photodetectors by preferred orientation and plasmonic effect},
  author={Dong, Yuhui and Gu, Yu and Zou, Yousheng and Song, Jizhong and Xu, Leimeng and Li, Jianhai and Xue, Jie and Li, Xiaoming and Zeng, Haibo},
  journal={Small},
  volume={12},
  number={40},
  pages={5622--5632},
  year={2016},
  publisher={Wiley Online Library}
}


@article{wang2021recent,
  title={Recent progress on electrical and optical manipulations of perovskite photodetectors},
  author={Wang, Fang and Zou, Xuming and Xu, Mengjian and Wang, Hao and Wang, Hailu and Guo, Huijun and Guo, Jiaxiang and Wang, Peng and Peng, Meng and Wang, Zhen and Wang,  Yang and Miao, Jinshui and Chen, Fansheng and Wang, Jianlu and Chen, Xiaoshuang and  Pan, Anlian and Shan, Chongxin and Liao, Lei and Hu, Weida},
  journal={Adv. Sci.},
  volume={8},
  number={14},
  pages={2100569},
  year={2021},
  publisher={Wiley Online Library}
}

@article{walters2015two,
  title={Two-photon absorption in organometallic bromide perovskites},
  author={Walters, Grant and Sutherland, Brandon R and Hoogland, Sjoerd and Shi, Dong and Comin, Riccardo and Sellan, Daniel P and Bakr, Osman M and Sargent, Edward H},
  journal={ACS Nano},
  volume={9},
  number={9},
  pages={9340--9346},
  year={2015},
  publisher={ACS Publications}
}

@Article{palmieri2020mahan,
author={Palmieri, Tania
and Baldini, Edoardo
and Steinhoff, Alexander
and Akrap, Ana
and Koll{\'a}r, M{\'a}rton
and Horv{\'a}th, Endre
and Forr{\'o}, L{\'a}szl{\'o}
and Jahnke, Frank
and Chergui, Majed},
title={Mahan excitons in room-temperature methylammonium lead bromide perovskites},
journal={Nat. Commun.},
year={2020},
month={Feb},
day={12},
volume={11},
number={1},
pages={850},
issn={2041-1723},
doi={10.1038/s41467-020-14683-5},
url={https://doi.org/10.1038/s41467-020-14683-5}
}



@article{shree2019high,
  title={High optical quality of MoS$_2$ monolayers grown by chemical vapor deposition},
  author={Shree, Shivangi and George, Antony and Lehnert, Tibor and Neumann, Christof and Benelajla, Meryem and Robert, Cedric and Marie, Xavier and Watanabe, Kenji and Taniguchi, Takashi and Kaiser, Ute and others},
  journal={2D Mater.},
  volume={7},
  number={1},
  pages={015011},
  year={2019},
  publisher={IOP Publishing}
}

@article{klembt2018exciton,
  title={Exciton-polariton topological insulator},
  author={Klembt, S and Harder, TH and Egorov, OA and Winkler, K and Ge, R and Bandres, MA and Emmerling, M and Worschech, L and Liew, TCH and Segev, M and others},
  journal={Nature},
  volume={562},
  number={7728},
  pages={552--556},
  year={2018},
  publisher={Nature Publishing Group}
}

@article{coleman2011two,
  title={Two-dimensional nanosheets produced by liquid exfoliation of layered materials},
  author={Coleman, Jonathan N and Lotya, Mustafa and O’Neill, Arlene and Bergin, Shane D and King, Paul J and Khan, Umar and Young, Karen and Gaucher, Alexandre and De, Sukanta and Smith, Ronan J and others},
  journal={Science},
  volume={331},
  number={6017},
  pages={568--571},
  year={2011},
  publisher={American Association for the Advancement of Science}
}

@article{boles2016self,
  title={Self-assembly of colloidal nanocrystals: From intricate structures to functional materials},
  author={Boles, Michael A and Engel, Michael and Talapin, Dmitri V},
  journal={Chem. Rev.},
  volume={116},
  number={18},
  pages={11220--11289},
  year={2016},
  publisher={ACS Publications}
}

@article{geuchies2016situ,
  title={In situ study of the formation mechanism of two-dimensional superlattices from PbSe nanocrystals},
  author={Geuchies, Jaco J and Van Overbeek, Carlo and Evers, Wiel H and Goris, Bart and De Backer, Annick and Gantapara, Anjan P and Rabouw, Freddy T and Hilhorst, Jan and Peters, Joep L and Konovalov, Oleg},
  journal={Nat. Mater.},
  volume={15},
  number={12},
  pages={1248--1254},
  year={2016},
  publisher={Nature Publishing Group}
}

@Article{nauman2021tunable,
author={Nauman, Mudassar
and Yan, Jingshi
and de Ceglia, Domenico
and Rahmani, Mohsen
and Zangeneh Kamali, Khosro
and De Angelis, Costantino
and Miroshnichenko, Andrey E.
and Lu, Yuerui
and Neshev, Dragomir N.},
title={Tunable unidirectional nonlinear emission from transition-metal-dichalcogenide metasurfaces},
journal={Nat. Commun.},
year={2021},
month={Sep},
day={22},
volume={12},
number={1},
pages={5597},
issn={2041-1723},
doi={10.1038/s41467-021-25717-x},
url={https://doi.org/10.1038/s41467-021-25717-x}
}


@article{busschaert2020transition,
  title={Transition metal dichalcogenide resonators for second harmonic signal enhancement},
  author={Busschaert, Sebastian and Reimann, René and Cavigelli, Moritz and Khelifa, Ronja and Jain, Achint and Novotny, Lukas},
  journal={ACS Photonics},
  volume={7},
  number={9},
  pages={2482--2488},
  year={2020},
  publisher={ACS Publications}
}


@article{cherniukh2021perovskite,
  title={Perovskite-type superlattices from lead halide perovskite nanocubes},
  author={Cherniukh, Ihor and Rain{\`o}, Gabriele and St{\"o}ferle, Thilo and Burian, Max and Travesset, Alex and Naumenko, Denys and Amenitsch, Heinz and Erni, Rolf and Mahrt, Rainer F and Bodnarchuk, Maryna I and others},
  journal={Nature},
  volume={593},
  number={7860},
  pages={535--542},
  year={2021},
  publisher={Nature Publishing Group}
}

@article{zhou2021quantum,
  title={Quantum dot self-sssembly enables low-threshold lasing},
  author={Zhou, Chun and M. Pina, Joao and Zhu, Tong and H. Parmar, Darshan and Chang, Hao and Yu, Jie and Yuan, Fanglong and Bappi, Golam and Hou, Yi and Zheng, Xiaopeng and others},
  journal={Adv. Sci.},
  pages={2101125},
  year={2021},
  publisher={Wiley Online Library}
}

@article{cheng2020multiple,
  title={Multiple-quantum-well perovskites for high-performance light-emitting diodes},
  author={Cheng, Lu and Jiang, Tao and Cao, Yu and Yi, Chang and Wang, Nana and Huang, Wei and Wang, Jianpu},
  journal={Adv. Mater.},
  volume={32},
  number={15},
  pages={1904163},
  year={2020},
  publisher={Wiley Online Library}
}

@article{calabrese1991preparation,
  title={Preparation and characterization of layered lead halide compounds},
  author={Calabrese, J and Jones, NL and Harlow, RL and Herron, N and Thorn, DL and Wang, Y},
  journal={J. Am. Chem. Soc.},
  volume={113},
  number={6},
  pages={2328--2330},
  year={1991},
  publisher={ACS Publications}
}

@article{tonkaev2019optical,
  title={Optical cooling of lead halide perovskite nanoparticles enhanced by Mie resonances},
  author={Tonkaev, Pavel and Zograf, George and Makarov, Sergey},
  journal={Nanoscale},
  volume={11},
  number={38},
  pages={17800--17806},
  year={2019},
  publisher={Royal Society of Chemistry}
}

@article{tonkaev2021acceleration,
  title={Acceleration of radiative recombination in quasi-2D perovskite films on hyperbolic metamaterials},
  author={Tonkaev, Pavel and Anoshkin, Sergey and Pushkarev, Anatoly and Malureanu, Radu and Masharin, Mikhail and Belov, Pavel and Lavrinenko, Andrei and Makarov, Sergey},
  journal={App. Phys. Lett.},
  volume={118},
  number={9},
  pages={091104},
  year={2021},
  publisher={AIP Publishing LLC}
}

@article{hong1992photoconductivity,
  title={Photoconductivity and electroluminescence in lead iodide based natural quantum well structures},
  author={Hong, X and Ishihara, T and Nurmikko, AV},
  journal={Solid state communications},
  volume={84},
  number={6},
  pages={657--661},
  year={1992},
  publisher={Elsevier}
}

﻿@Article{saidaminov2015high,
author={Saidaminov, Makhsud I.
and Abdelhady, Ahmed L.
and Murali, Banavoth
and Alarousu, Erkki
and Burlakov, Victor M.
and Peng, Wei
and Dursun, Ibrahim
and Wang, Lingfei
and He, Yao
and Maculan, Giacomo
and Goriely, Alain
and Wu, Tom
and Mohammed, Omar F.
and Bakr, Osman M.},
title={High-quality bulk hybrid perovskite single crystals within minutes by inverse temperature crystallization},
journal={Nat. Commun.},
year={2015},
month={Jul},
day={06},
volume={6},
number={1},
pages={7586},
issn={2041-1723},
doi={10.1038/ncomms8586},
url={https://doi.org/10.1038/ncomms8586}
}



﻿@Article{zhang2021high,
author={Zhang, Li
and Sun, Changjiu
and He, Tingwei
and Jiang, Yuanzhi
and Wei, Junli
and Huang, Yanmin
and Yuan, Mingjian},
title={High-performance quasi-2D perovskite light-emitting diodes: from materials to devices},
journal={Light Sci. Appl.},
year={2021},
month={Mar},
day={19},
volume={10},
number={1},
pages={61},
issn={2047-7538},
doi={10.1038/s41377-021-00501-0},
url={https://doi.org/10.1038/s41377-021-00501-0}
}



@article{byun2016efficient,
  title={Efficient visible quasi-2D perovskite light-emitting diodes},
  author={Byun, Jinwoo and Cho, Himchan and Wolf, Christoph and Jang, Mi and Sadhanala, Aditya and Friend, Richard H and Yang, Hoichang and Lee, Tae-Woo},
  journal={Adv. Mater.},
  volume={28},
  number={34},
  pages={7515--7520},
  year={2016},
  publisher={Wiley Online Library}
}

@article{quan2018perovskites,
  title={Perovskites for light emission},
  author={Quan, Li Na and Garc{\'\i}a de Arquer, F Pelayo and Sabatini, Randy P and Sargent, Edward H},
  journal={Adv. Mater.},
  volume={30},
  number={45},
  pages={1801996},
  year={2018},
  publisher={Wiley Online Library}
}

﻿@Article{chu2020large,
author={Chu, Zema
and Zhao, Yang
and Ma, Fei
and Zhang, Cai-Xin
and Deng, Huixiong
and Gao, Feng
and Ye, Qiufeng
and Meng, Junhua
and Yin, Zhigang
and Zhang, Xingwang
and You, Jingbi},
title={Large cation ethylammonium incorporated perovskite for efficient and spectra stable blue light-emitting diodes},
journal={Nat. Commun.},
year={2020},
month={Aug},
day={20},
volume={11},
number={1},
pages={4165},
issn={2041-1723},
doi={10.1038/s41467-020-17943-6},
url={https://doi.org/10.1038/s41467-020-17943-6}
}



@article{he2019high,
  title={High-efficiency red light-emitting diodes based on multiple quantum wells of phenylbutylammonium-cesium lead iodide perovskites},
  author={He, Zhuofei and Liu, Yang and Yang, Zhaoliang and Li, Jing and Cui, Jieyuan and Chen, Dong and Fang, Zhishan and He, Haiping and Ye, Zhizhen and Zhu, Haiming and others},
  journal={ACS Photonics},
  volume={6},
  number={3},
  pages={587--594},
  year={2019},
  publisher={ACS Publications}
}

@article{wu2019alternative,
  title={Alternative type two-dimensional--three-dimensional lead halide perovskite with inorganic sodium ions as a spacer for high-performance light-emitting diodes},
  author={Wu, Chen and Wu, Tian and Yang, Yingguo and McLeod, John A and Wang, Yusheng and Zou, Yatao and Zhai, Tianshu and Li, Junnan and Ban, Muyang and Song, Tao and others},
  journal={ACS Nano},
  volume={13},
  number={2},
  pages={1645--1654},
  year={2019},
  publisher={ACS Publications}
}

@article{wang2016perovskite,
  title={Perovskite light-emitting diodes based on solution-processed self-organized multiple quantum wells},
  author={Wang, Nana and Cheng, Lu and Ge, Rui and Zhang, Shuting and Miao, Yanfeng and Zou, Wei and Yi, Chang and Sun, Yan and Cao, Yu and Yang, Rong and others},
  journal={Nat.  Photon.},
  volume={10},
  number={11},
  pages={699--704},
  year={2016},
  publisher={Nature Publishing Group}
}

@article{furasova2018resonant,
  title={Resonant silicon nanoparticles for enhanced light harvesting in halide perovskite solar cells},
  author={Furasova, Aleksandra and Calabr{\'o}, Emanuele and Lamanna, Enrico and Tiguntseva, Ekaterina and Ushakova, Elena and Ubyivovk, Eugene and Mikhailovskii, Vladimir and Zakhidov, Anvar and Makarov, Sergey and Di Carlo, Aldo},
  journal={Adv. Opt. Mater.},
  volume={6},
  number={21},
  pages={1800576},
  year={2018},
  publisher={Wiley Online Library}
}

@article{furasova2020engineering,
  title={Engineering the charge transport properties of resonant silicon nanoparticles in perovskite solar cells},
  author={Furasova, Aleksandra and Voroshilov, Pavel and Lamanna, Enrico and Mozharov, Alexey and Tsypkin, Anton and Mukhin, Ivan and Barettin, Daniele and Ladutenko, Konstantin and Zakhidov, Anvar and Di Carlo, Aldo and Makarov, Sergey},
  journal={Energy Technol.},
  volume={8},
  number={4},
  pages={1900877},
  year={2020},
  publisher={Wiley Online Library}
}

@article{zhao2020enhanced,
  title={Enhanced efficiency and stability of planar perovskite solar cells using a dual electron transport layer of gold nanoparticles embedded in anatase TiO2 films},
  author={Zhao, Da-Wei and Yu, Ming-Yu and Zheng, Ling-Ling and Li, Ming and Dai, Shi-Jie and Chen, Di-Chun and Lee, Tung-Chun and Yun, Da-Qin},
  journal={ACS Appl. Energy Mater.},
  volume={3},
  number={10},
  pages={9568--9575},
  year={2020},
  publisher={ACS Publications}
}

@article{furasova2021mie,
  title={Mie-resonant mesoporous electron transport layer for highly efficient perovskite solar cells},
  author={Furasova, Aleksandra and Voroshilov, Pavel and Baranov, Mikhail and Tonkaev, Pavel and Nikolaeva, Anna and Voronin, Kirill and Vesce, Luigi and Makarov, Sergey and Di Carlo, Aldo},
  journal={Nano Energy},
  volume={89},
  pages={106484},
  year={2021},
  publisher={Elsevier}
}

@article{wang2018diffraction,
  title={Diffraction-grated perovskite induced highly efficient solar cells through nanophotonic light trapping},
  author={Wang, Yang and Wang, Peng and Zhou, Xue and Li, Chang and Li, Huizeng and Hu, Xiaotian and Li, Fengyu and Liu, Xiaoping and Li, Mingzhu and Song, Yanlin},
  journal={Adv. Energy Mater.},
  volume={8},
  number={12},
  pages={1702960},
  year={2018},
  publisher={Wiley Online Library}
}

@article{marin2020doping,
  title={Doping lanthanide ions in colloidal semiconductor nanocrystals for brighter photoluminescence},
  author={Marin, Riccardo and Jaque, Daniel},
  journal={Chem. Rev.},
  volume={121},
  number={3},
  pages={1425--1462},
  year={2020},
  publisher={ACS Publications}
}

@article{quan2019perovskites,
  title={Perovskites for next-generation optical sources},
  author={Quan, Li Na and Rand, Barry P and Friend, Richard H and Mhaisalkar, Subodh Gautam and Lee, Tae-Woo and Sargent, Edward H},
  journal={Chem. Rev.},
  volume={119},
  number={12},
  pages={7444--7477},
  year={2019},
  publisher={ACS Publications}
}

@article{dequilettes2019charge,
  title={Charge-carrier recombination in halide perovskites: Focus review},
  author={deQuilettes, Dane W and Frohna, Kyle and Emin, David and Kirchartz, Thomas and Bulovic, Vladimir and Ginger, David S and Stranks, Samuel D},
  journal={Chem. Rev.},
  volume={119},
  number={20},
  pages={11007--11019},
  year={2019},
  publisher={ACS Publications}
}



@article{zhang2019enhancing,
  title={Enhancing photovoltaic performance of perovskite solar cells utilizing germanium nanoparticles},
  author={Zhang, Chenxi and Li, Zaifeng and Deng, Xueshuang and Yan, Bing and Wang, Zengbo and Chen, Xiaohong and Sun, Zhuo and Huang, Sumei},
  journal={Solar Energy},
  volume={188},
  pages={839--848},
  year={2019},
  publisher={Elsevier}
}

@article{shirasaki2013emergence,
  title={Emergence of colloidal quantum-dot light-emitting technologies},
  author={Shirasaki, Yasuhiro and Supran, Geoffrey J and Bawendi, Moungi G and Bulovi{\'c}, Vladimir},
  journal={Nat.  Photon.},
  volume={7},
  number={1},
  pages={13--23},
  year={2013},
  publisher={Nature Publishing Group}
}

@article{kim2022ultrasensitive,
  title={Ultrasensitive near-infrared circularly polarized light detection using 3D perovskite embedded with chiral plasmonic nanoparticles},
  author={Kim, Hongki and Kim, Ryeong Myeong and Namgung, Seok Daniel and Cho, Nam Heon and Son, Jung Bae and Bang, Kijoon and Choi, Mansoo and Kim, Seong Keun and Nam, Ki Tae and Lee, Jong Woo and others},
  journal={Adv. Sci.},
  pages={2104598},
  year={2022},
  publisher={Wiley Online Library}
}

@article{lee2018amino,
  title={Amino-acid-and peptide-directed synthesis of chiral plasmonic gold nanoparticles},
  author={Lee, Hye-Eun and Ahn, Hyo-Yong and Mun, Jungho and Lee, Yoon Young and Kim, Minkyung and Cho, Nam Heon and Chang, Kiseok and Kim, Wook Sung and Rho, Junsuk and Nam, Ki Tae},
  journal={Nature},
  volume={556},
  number={7701},
  pages={360--365},
  year={2018},
  publisher={Nature Publishing Group}
}

@article{protesescu2015nanocrystals,
  title={Nanocrystals of cesium lead halide perovskites (CsPbX3, X= Cl, Br, and I): novel optoelectronic materials showing bright emission with wide color gamut},
  author={Protesescu, Loredana and Yakunin, Sergii and Bodnarchuk, Maryna I and Krieg, Franziska and Caputo, Riccarda and Hendon, Christopher H and Yang, Ruo Xi and Walsh, Aron and Kovalenko, Maksym V},
  journal={Nano  Lett.},
  volume={15},
  number={6},
  pages={3692--3696},
  year={2015},
  publisher={ACS Publications}
}

@article{das2019self,
  title={Self-assembly of nanostructured glass metasurfaces via templated fluid instabilities},
  author={Das Gupta, Tapajyoti and Martin-Monier, Louis and Yan, Wei and Le Bris, Arthur and Nguyen-Dang, T{\`u}ng and Page, Alexis G{\'e}rald and Ho, Kuan-Ting and Yesilk{\"o}y, Filiz and Altug, Hatice and Qu, Yunpeng and others},
  journal={Nat. Nanotechnol.},
  volume={14},
  number={4},
  pages={320--327},
  year={2019},
  publisher={Nature Publishing Group}
}

@article{zhizhchenko2021direct,
  title={Direct imprinting of laser field on halide perovskite single crystal for advanced photonic applications},
  author={Zhizhchenko, AY and Cherepakhin, AB and Masharin, MA and Pushkarev, AP and Kulinich, SA and Porfirev, AP and Kuchmizhak, AA and Makarov, SV},
  journal={Laser Photonics Rev.},
  volume={15},
  number={8},
  pages={2100094},
  year={2021},
  publisher={Wiley Online Library}
}

@article{zhizhchenko2020light,
  title={Light-emitting nanophotonic designs enabled by ultrafast laser processing of halide perovskites},
  author={Zhizhchenko, Alexey Y and Tonkaev, Pavel and Gets, Dmitry and Larin, Artem and Zuev, Dmitry and Starikov, Sergey and Pustovalov, Eugeny V and Zakharenko, Alexander M and Kulinich, Sergei A and Juodkazis, Saulius and others},
  journal={Small},
  volume={16},
  number={19},
  pages={2000410},
  year={2020},
  publisher={Wiley Online Library}
}

@article{du2017high,
  title={High-quality CsPbBr 3 perovskite nanocrystals for quantum dot light-emitting diodes},
  author={Du, Xiafang and Wu, Guan and Cheng, Jian and Dang, Hui and Ma, Kangzhe and Zhang, Ya-Wen and Tan, Peng-Feng and Chen, Su},
  journal={RSC advances},
  volume={7},
  number={17},
  pages={10391--10396},
  year={2017},
  publisher={Royal Society of Chemistry}
}

@article{wang2018perovskite1,
  title={Perovskite quantum dots and their application in light-emitting diodes},
  author={Wang, Hung-Chia and Bao, Zhen and Tsai, Hsin-Yu and Tang, An-Cih and Liu, Ru-Shi},
  journal={Small},
  volume={14},
  number={1},
  pages={1702433},
  year={2018},
  publisher={Wiley Online Library}
}

@article{zhao2017highly,
  title={Highly flexible organometal halide perovskite quantum dot based light-emitting diodes on a silver nanowire--polymer composite electrode},
  author={Zhao, Fangchao and Chen, Dustin and Chang, Shuai and Huang, Hailong and Tong, Kwing and Xiao, Changtao and Chou, Shuyu and Zhong, Haizheng and Pei, Qibing},
  journal={J. Mater. Chem. C},
  volume={5},
  number={3},
  pages={531--538},
  year={2017},
  publisher={Royal Society of Chemistry}
}

@article{kovalenko2017properties,
  title={Properties and potential optoelectronic applications of lead halide perovskite nanocrystals},
  author={Kovalenko, Maksym V and Protesescu, Loredana and Bodnarchuk, Maryna I},
  journal={Science},
  volume={358},
  number={6364},
  pages={745--750},
  year={2017},
  publisher={American Association for the Advancement of Science}
}

@article{butkus2017evolution,
  title={The evolution of quantum confinement in CsPbBr3 perovskite nanocrystals},
  author={Butkus, Justinas and Vashishtha, Parth and Chen, Kai and Gallaher, Joseph K and Prasad, Shyamal KK and Metin, Dani Z and Laufersky, Geoffry and Gaston, Nicola and Halpert, Jonathan E and Hodgkiss, Justin M},
  journal={Chem. Mater.},
  volume={29},
  number={8},
  pages={3644--3652},
  year={2017},
  publisher={ACS Publications}
}

@article{zhang2015brightly,
  title={Brightly luminescent and color-tunable colloidal CH3NH3PbX3 (X= Br, I, Cl) quantum dots: potential alternatives for display technology},
  author={Zhang, Feng and Zhong, Haizheng and Chen, Cheng and Wu, Xian-gang and Hu, Xiangmin and Huang, Hailong and Han, Junbo and Zou, Bingsuo and Dong, Yuping},
  journal={ACS Nano},
  volume={9},
  number={4},
  pages={4533--4542},
  year={2015},
  publisher={ACS Publications}
}

@article{lignos2016synthesis,
  title={Synthesis of cesium lead halide perovskite nanocrystals in a droplet-based microfluidic platform: fast parametric space mapping},
  author={Lignos, Ioannis and Stavrakis, Stavros and Nedelcu, Georgian and Protesescu, Loredana and deMello, Andrew J and Kovalenko, Maksym V},
  journal={Nano  Lett.},
  volume={16},
  number={3},
  pages={1869--1877},
  year={2016},
  publisher={ACS Publications}
}

@article{hou2017synthesis,
  title={Synthesis and stabilization of colloidal perovskite nanocrystals by multidentate polymer micelles},
  author={Hou, Shaocong and Guo, Yuzheng and Tang, Yuguo and Quan, Qimin},
  journal={ACS Appl. Mater. Interfaces},
  volume={9},
  number={22},
  pages={18417--18422},
  year={2017},
  publisher={ACS Publications}
}

@article{tiguntseva2019enhanced,
  title={Enhanced temperature-tunable narrow-band photoluminescence from resonant perovskite nanograting},
  author={Tiguntseva, EY and Sadrieva, Z and Stroganov, BV and Kapitonov, Yu V and Komissarenko, F and Haroldson, R and Balachandran, B and Hu, W and Gu, Q and Zakhidov, AA and others},
  journal={Appl. Surf. Sci.},
  volume={473},
  pages={419--424},
  year={2019},
  publisher={Elsevier}
}

@article{yin2015halide,
  title={Halide perovskite materials for solar cells: a theoretical review},
  author={Yin, Wan-Jian and Yang, Ji-Hui and Kang, Joongoo and Yan, Yanfa and Wei, Su-Huai},
  journal={	J. Mater. Chem. A},
  volume={3},
  number={17},
  pages={8926--8942},
  year={2015},
  publisher={Royal Society of Chemistry}
}

@article{luo2018efficient,
  title={Efficient and stable emission of warm-white light from lead-free halide double perovskites},
  author={Luo, Jiajun and Wang, Xiaoming and Li, Shunran and Liu, Jing and Guo, Yueming and Niu, Guangda and Yao, Li and Fu, Yuhao and Gao, Liang and Dong, Qingshun and others},
  journal={Nature},
  volume={563},
  number={7732},
  pages={541--545},
  year={2018},
  publisher={Nature Publishing Group}
}

@article{zhao2017high,
  title={High open-circuit voltages in tin-rich low-bandgap perovskite-based planar heterojunction photovoltaics},
  author={Zhao, Baodan and Abdi-Jalebi, Mojtaba and Tabachnyk, Maxim and Glass, Hugh and Kamboj, Varun S and Nie, Wanyi and Pearson, Andrew J and Puttisong, Yuttapoom and G{\"o}del, Karl C and Beere, Harvey E and others},
  journal={Adv. Mater.},
  volume={29},
  number={2},
  pages={1604744},
  year={2017},
  publisher={Wiley Online Library}
}

@article{chen2016pseudomorphic,
  title={Pseudomorphic transformation of organometal halide perovskite using the gaseous hydrogen halide reaction},
  author={Chen, Kun and Deng, Xiaohui and Goddard, Richard and Tüysüz, Harun},
  journal={Chem. Mater.},
  volume={28},
  number={15},
  pages={5530--5537},
  year={2016},
  publisher={ACS Publications}
}

@article{han2019lead,
  title={Lead-Free Double Perovskite Cs2SnX6: Facile Solution Synthesis and Excellent Stability},
  author={Han, Xiao and Liang, Jia and Yang, Ji-Hui and Soni, Khushboo and Fang, Qiyi and Wang, Weipeng and Zhang, Jing and Jia, Shuai and Mart{\'\i}, Angel A and Zhao, Yan and others},
  journal={Small},
  volume={15},
  number={39},
  pages={1901650},
  year={2019},
  publisher={Wiley Online Library}
}

@article{nishiyama_2021,
  title={Photocatalytic solar hydrogen production from water on a 100-m$^2$ scale},
  author={Nishiyama, H. and et al.},
  journal={Nature},
  volume={598},
  pages={304-307},
  year={2021},
}


@article{teng_2021,
  title={Atomically dispersed antimony on carbon nitride for the artificial photosynthesis of hydrogen peroxide},
  author={Teng, H. and et al.},
  journal={Nat. Catal.},
  volume={4},
  pages={374-384},
  year={2021},
}


@article{science_2021,
  title={Optically resonant dielectric nanostructures},
  author={Kuznetsov, A.I. and Miroshnichenko, A.E. and Brongersma, M.L. and Kivshar, Y.S. and Luk’yanchuk, B.},
  journal={Science},
  volume={354},
  pages={aag2472},
  year={2016},
}

@article{kuznetsov2016optically,
author = {Arseniy I. Kuznetsov  and Andrey E. Miroshnichenko  and Mark L. Brongersma  and Yuri S. Kivshar  and Boris Luk’yanchuk },
title = {Optically resonant dielectric nanostructures},
journal = {Science},
volume = {354},
number = {6314},
pages = {aag2472},
year = {2016},
doi = {10.1126/science.aag2472},

URL = {https://www.science.org/doi/abs/10.1126/science.aag2472},
eprint = {https://www.science.org/doi/pdf/10.1126/science.aag2472}
}

@article{xiang_2011,
  title={Metamaterials: a new frontier of science and technology},
  author={Liu, Yongmin and Zhang, Xiang},
  journal={Chem. Soc. Rev.},
  volume={40},
  pages={2494-2507},
  year={2011},
}

@article{smith_2004,
  title={Metamaterials and negative refractive index},
  author={Smith, D.R. and Pendry, J.B. and Wiltshire, M.C.K.},
  journal={Science},
  volume={305},
  pages={788–792},
  year={2004},
}

@article{metadevices,
  title={From metamaterials to metadevices},
  author={Zheludev, Nikolay I. and Kivshar, Yuri S.},
  journal={Nat. Mater.},
  volume={11},
  pages={917–924},
  year={2012},
}


@article{plasmonics,
  title={The promise of plasmonics},
  author={Atwater, Harry A.},
  journal={Sci. Am.},
  volume={296},
  pages={56-63},
  year={2007},
}

@article{Mie_won, 
  title={Into the ‘Mie-tronic’ era},
  author={Won, Rachel},
  journal={Nat.  Photon.},
  volume={13},
  pages={585–587},
  year={2019},
}

@article{Koshelev_2021, 
  title={Dielectric resonant metaphotonics},
  author={Koshelev, K. and Kivshar, Y.},
  journal={ACS Photonics},
  volume={8},
  pages={102-112},
  year={2021},
}

@article{hsu2016bound,
  title={Bound states in the continuum},
  author={Hsu, Chia Wei and Zhen, Bo and Stone, A Douglas and Joannopoulos, John D and Solja{\v{c}}i{\'c}, Marin},
  journal={Nat. Rev. Mater.},
  volume={1},
  number={9},
  pages={1--13},
  year={2016},
  publisher={Nature Publishing Group}
}

@article{zhao2009mie,
  title={Mie resonance-based dielectric metamaterials},
  author={Zhao, Qian and Zhou, Ji and Zhang, Fuli and Lippens, Didier},
  journal={Mater. Today},
  volume={12},
  number={12},
  pages={60--69},
  year={2009},
  publisher={Elsevier}
}

@article{BIC_2019, 
  title={Meta-optics and bound states in the continuum},
  author={Koshelev, K. and Bogdanov, A. and Kivshar, Y.},
  journal={Sci. Bull.},
  volume={64},
  pages={836-842},
  year={2019},
}


@article{vahala_2003, 
  title={Optical microcavities},
  author={Vahala, K.J.},
  journal={Nature},
  volume={424},
  pages={839–846},
  year={2003},
}

@article{kildishev_2013, 
  title={Planar photonics with metasurfaces},
  author={Kildishev, A.V. and Boltasseva, A. and Shalaev, V.M.},
  journal={Science},
  volume={339},
  pages={1232009},
  year={2013},
}

@article{lalanne_2017, 
  title={Metalenses at visible wavelengths: past, present, perspectives},
  author={Lalanne, P. and P. Chavel, P.},
  journal={Laser Photonics Rev.},
  volume={11},
  pages={1600295},
  year={2017},
}

@article{tsai_2017, 
  title={Fundamentals and applications of metasurfaces},
  author={Hsiao, H.-H and Chu, C. and Tsai, D.-P. },
  journal={Small Methods},
  volume={1},
  pages={1600064},
  year={2017},
}

@article{levy_2020, 
  title={The advantages of metalenses over diffractive lenses},
  author={Engelberg, J. and Levy, U. },
  journal={Nat. Commun.},
  volume={11},
  pages={1991},
  year={2020},
}


@article{cwqiu_2021, 
  title={Quo vadis, metasurfaces?},
  author={Qiu, C.-W. and Zhang, T. and Hu, G. and Y. Kivshar, Y. },
  journal={Nano  Lett.},
  volume={21},
  pages={5461–5474},
  year={2021},
}

@article{capasso, 
  title={Will flat optics appear in everyday life anytime soon? },
  author={Chen, W.-T. and F. Capasso, F. },
  journal={App. Phys. Lett.},
  volume={118},
  pages={100503},
  year={2021},
}

@Article{whitfield2016structures,
author={Whitfield, P. S.
and Herron, N.
and Guise, W. E.
and Page, K.
and Cheng, Y. Q.
and Milas, I.
and Crawford, M. K.},
title={Structures, Phase transitions and tricritical behavior of the hybrid perovskite methyl ammonium lead iodide},
journal={Sci. Rep.},
year={2016},
month={Oct},
day={21},
volume={6},
number={1},
pages={35685},
issn={2045-2322},
doi={10.1038/srep35685},
url={https://doi.org/10.1038/srep35685}
}



@article{liu2018temperature,
  title={Temperature-dependent photoluminescence spectra and decay dynamics of MAPbBr3 and MAPbI3 thin films},
  author={Liu, Yiting and Lu, Haizhou and Niu, Jiaxin and Zhang, Huotian and Lou, Shitao and Gao, Chunlei and Zhan, Yiqiang and Zhang, Xiaolei and Jin, Qingyuan and Zheng, Lirong},
  journal={AIP Adv.},
  volume={8},
  number={9},
  pages={095108},
  year={2018},
  publisher={AIP Publishing LLC}
}

@article{hiraoka2005observations,
  title={Observations of weak heat flux due to phase transitions in CsPbX 3 (X= Cl, Br)},
  author={Hiraoka, Hironori and Kojima, Akira and Higashi, Katsuei and Yoshimura, Yukio and Iwasaki, Hiroshi and Tozaki, Kenichi},
  journal={J. Korean Phys. Soc},
  volume={46},
  number={1},
  pages={329--333},
  year={2005}
}

@article{yi2020correlation,
  title={The correlation between phase transition and photoluminescence properties of CsPbX 3 (X= Cl, Br, I) perovskite nanocrystals},
  author={Yi, Jun and Ge, Xueying and Liu, Exian and Cai, Tong and Zhao, Chujun and Wen, Shuangchun and Sanabria, Hugo and Chen, Ou and Rao, Apparao M and Gao, Jianbo},
  journal={Nanoscale Adv.},
  volume={2},
  number={10},
  pages={4390--4394},
  year={2020},
  publisher={Royal Society of Chemistry}
}

@Article{poddar2021down,
author={Poddar, Swapnadeep
and Zhang, Yuting
and Gu, Leilei
and Zhang, Daquan
and Zhang, Qianpeng
and Yan, Shuai
and Kam, Matthew
and Zhang, Sifan
and Song, Zhitang
and Hu, Weida
and Liao, Lei
and Fan, Zhiyong},
title={Down-scalable and ultra-fast memristors with ultra-high density three-dimensional arrays of perovskite quantum wires},
journal={Nano Lett.},
year={2021},
month={Jun},
day={23},
publisher={American Chemical Society},
volume={21},
number={12},
pages={5036-5044},
issn={1530-6984},
doi={10.1021/acs.nanolett.1c00834},
url={https://doi.org/10.1021/acs.nanolett.1c00834}
}



@article{zhang2019increasing,
  title={Increasing photoluminescence quantum yield by nanophotonic design of quantum-confined halide perovskite nanowire arrays},
  author={Zhang, Daquan and Gu, Leilei and Zhang, Qianpeng and Lin, Yuanjing and Lien, Der-Hsien and Kam, Matthew and Poddar, Swapnadeep and Garnett, Erik C and Javey, Ali and Fan, Zhiyong},
  journal={Nano  Lett.},
  volume={19},
  number={5},
  pages={2850--2857},
  year={2019},
  publisher={ACS Publications}
}

@article{zhang2020three,
  title={Three-dimensional perovskite nanophotonic wire array-based light-emitting diodes with significantly improved efficiency and stability},
  author={Zhang, Qianpeng and Zhang, Daquan and Gu, Leilei and Tsui, Kwong-Hoi and Poddar, Swapnadeep and Fu, Yu and Shu, Lei and Fan, Zhiyong},
  journal={ACS Nano},
  volume={14},
  number={2},
  pages={1577--1585},
  year={2020},
  publisher={ACS Publications}
}

@article{zhang2015solution,
  title={Solution-phase synthesis of cesium lead halide perovskite nanowires},
  author={Zhang, Dandan and Eaton, Samuel W and Yu, Yi and Dou, Letian and Yang, Peidong},
  journal={J. Am. Chem. Soc.},
  volume={137},
  number={29},
  pages={9230--9233},
  year={2015},
  publisher={ACS Publications}
}

@article{dou2017spatially,
  title={Spatially resolved multicolor CsPbX3 nanowire heterojunctions via anion exchange},
  author={Dou, Letian and Lai, Minliang and Kley, Christopher S and Yang, Yiming and Bischak, Connor G and Zhang, Dandan and Eaton, Samuel W and Ginsberg, Naomi S and Yang, Peidong},
  journal={Proc. Natl. Acad. Sci. U.S.A.},
  volume={114},
  number={28},
  pages={7216--7221},
  year={2017},
  publisher={National Acad Sciences}
}

@article{ahmadi2017review,
  title={A review on organic--inorganic halide perovskite photodetectors: device engineering and fundamental physics},
  author={Ahmadi, Mahshid and Wu, Ting and Hu, Bin},
  journal={Adv. Mater.},
  volume={29},
  number={41},
  pages={1605242},
  year={2017},
  publisher={Wiley Online Library}
}

@article{zhang2017advances,
  title={Advances in small perovskite-based lasers},
  author={Zhang, Qing and Su, Rui and Du, Wenna and Liu, Xinfeng and Zhao, Liyun and Ha, Son Tung and Xiong, Qihua},
  journal={Small Methods},
  volume={1},
  number={9},
  pages={1700163},
  year={2017},
  publisher={Wiley Online Library}
}

@article{voznyy2017engineering,
author={Voznyy, Oleksandr
and Sutherland, Brandon R.
and Ip, Alexander H.
and Zhitomirsky, David
and Sargent, Edward H.},
title={Engineering charge transport by heterostructuring solution-processed semiconductors},
journal={Nat. Rev. Mater.},
year={2017},
month={May},
day={23},
volume={2},
number={6},
pages={17026},
issn={2058-8437},
doi={10.1038/natrevmats.2017.26},
url={https://doi.org/10.1038/natrevmats.2017.26}
}





@article{eaton2016lasing,
  title={Lasing in robust cesium lead halide perovskite nanowires},
  author={Eaton, Samuel W and Lai, Minliang and Gibson, Natalie A and Wong, Andrew B and Dou, Letian and Ma, Jie and Wang, Lin-Wang and Leone, Stephen R and Yang, Peidong},
  journal={Proc. Natl. Acad. Sci. U.S.A.},
  volume={113},
  number={8},
  pages={1993--1998},
  year={2016},
  publisher={National Acad Sciences}
}

@article{su2020observation,
  title={Observation of exciton polariton condensation in a perovskite lattice at room temperature},
  author={Su, Rui and Ghosh, Sanjib and Wang, Jun and Liu, Sheng and Diederichs, Carole and Liew, Timothy CH and Xiong, Qihua},
  journal={Nat. Phys.},
  volume={16},
  number={3},
  pages={301--306},
  year={2020},
  publisher={Nature Publishing Group}
}

@article{su2021optical,
  title={Optical switching of topological phase in a perovskite polariton lattice},
  author={Su, Rui and Ghosh, Sanjib and Liew, Timothy CH and Xiong, Qihua},
  journal={Sci. Adv.},
  volume={7},
  number={21},
  pages={eabf8049},
  year={2021},
  publisher={American Association for the Advancement of Science}
}

@article{kim2021topological,
author={Kim, Seongheon
and Woo, Byung Hoon
and An, Soo-Chan
and Lim, Yeonsoo
and Seo, In Cheol
and Kim, Dai-Sik
and Yoo, SeokJae
and Park, Q-Han
and Jun, Young Chul},
title={Topological control of 2D perovskite emission in the strong coupling regime},
journal={Nano Lett.},
year={2021},
month={Dec},
day={08},
publisher={American Chemical Society},
volume={21},
number={23},
pages={10076-10085},
issn={1530-6984},
doi={10.1021/acs.nanolett.1c03853},
url={https://doi.org/10.1021/acs.nanolett.1c03853}
}





@article{berestennikov2020optical,
  title={Optical modes in perovskite nanowire with shallow bi-periodic grating},
  author={Berestennikov, A and Gorlach, M and Makarov, S and Khanikaev, A},
  journal={J. Phys. Conf. Ser.},
  volume={1461},
  number={1},
  pages={012013},
  year={2020},
  publisher={IOP Publishing}
}

@article{juarez2014photoinduced,
  title={Photoinduced giant dielectric constant in lead halide perovskite solar cells},
  author={Juarez-Perez, Emilio J and Sanchez, Rafael S and Badia, Laura and Garcia-Belmonte, Germ{\'a} and Kang, Yong Soo and Mora-Sero, Ivan and Bisquert, Juan},
  journal={J. Phys. Chem. Lett.},
  volume={5},
  number={13},
  pages={2390--2394},
  year={2014},
  publisher={ACS Publications}
}

@article{jeon2014solvent,
  title={Solvent engineering for high-performance inorganic--organic hybrid perovskite solar cells},
  author={Jeon, Nam Joong and Noh, Jun Hong and Kim, Young Chan and Yang, Woon Seok and Ryu, Seungchan and Seok, Sang Il},
  journal={Nat. Mater.},
  volume={13},
  number={9},
  pages={897--903},
  year={2014},
  publisher={Nature Publishing Group}
}

@article{yang2015significance,
  title={The significance of ion conduction in a hybrid organic--inorganic lead-iodide-based perovskite photosensitizer},
  author={Yang, Tae-Youl and Gregori, Giuliano and Pellet, Norman and Gr{\"a}tzel, Michael and Maier, Joachim},
  journal={Angew. Chem. Int. Ed.},
  volume={54},
  number={27},
  pages={7905--7910},
  year={2015},
  publisher={Wiley Online Library}
}

@article{wang2019stabilizing,
  title={Stabilizing heterostructures of soft perovskite semiconductors},
  author={Wang, Yanbo and Wu, Tianhao and Barbaud, Julien and Kong, Weiyu and Cui, Danyu and Chen, Han and Yang, Xudong and Han, Liyuan},
  journal={Science},
  volume={365},
  number={6454},
  pages={687--691},
  year={2019},
  publisher={American Association for the Advancement of Science}
}

﻿@Article{eames2015ionic,
author={Eames, Christopher
and Frost, Jarvist M.
and Barnes, Piers R. F.
and O'Regan, Brian C.
and Walsh, Aron
and Islam, M. Saiful},
title={Ionic transport in hybrid lead iodide perovskite solar cells},
journal={Nat. Commun.},
year={2015},
month={Jun},
day={24},
volume={6},
number={1},
pages={7497},
issn={2041-1723},
doi={10.1038/ncomms8497},
url={https://doi.org/10.1038/ncomms8497}
}

@article{kim2020single,
  title={A single chiral nanoparticle induced valley polarization enhancement},
  author={Kim, Sejeong and Lim, Yae-Chan and Kim, Ryeong Myeong and Fr{\"o}ch, Johannes E and Tran, Thinh N and Nam, Ki Tae and Aharonovich, Igor},
  journal={Small},
  volume={16},
  number={37},
  pages={2003005},
  year={2020},
  publisher={Wiley Online Library}
}

@article{jung2021metasurface,
  title={Metasurface-driven optically variable devices},
  author={Jung, Chunghwan and Kim, Gyeongtae and Jeong, Minsu and Jang, Jaehyuck and Dong, Zhaogang and Badloe, Trevon and Yang, Joel KW and Rho, Junsuk},
  journal={Chem. Rev.},
  volume={121},
  number={21},
  pages={13013--13050},
  year={2021},
  publisher={ACS Publications}
}

@article{schneider2018two,
  title={Two-dimensional semiconductors in the regime of strong light-matter coupling},
  author={Schneider, Christian and Glazov, Mikhail M and Korn, Tobias and H{\"o}fling, Sven and Urbaszek, Bernhard},
  journal={Nat. Commun.},
  volume={9},
  number={1},
  pages={1--9},
  year={2018},
  publisher={Nature Publishing Group}
}

﻿@Article{yoon2020single,
author={Yoon, Gwanho
and Kim, Kwan
and Huh, Daihong
and Lee, Heon
and Rho, Junsuk},
title={Single-step manufacturing of hierarchical dielectric metalens in the visible},
journal={Nat. Commun.},
year={2020},
month={May},
day={08},
volume={11},
number={1},
pages={2268},
issn={2041-1723},
doi={10.1038/s41467-020-16136-5},
url={https://doi.org/10.1038/s41467-020-16136-5}
}


@article{amo,
  title={Amorphous metal oxide nanosheets featuring reversible structure
transformations as sodium-ion battery anodes},
  author={Sun, R. and et al.},
  journal={Cell Rep. Phys. Sci.},
  volume={1},
  number={7},
  pages={100118},
  year={2020},
}
\@article{yang2018oriented,
  title={Oriented quasi-2D perovskites for high performance optoelectronic devices},
  author={Yang, Rong and Li, Renzhi and Cao, Yu and Wei, Yingqiang and Miao, Yanfeng and Tan, Wen Liang and Jiao, Xuechen and Chen, Hong and Zhang, Liangdong and Chen, Qing and others},
  journal={Adv. Mater.},
  volume={30},
  number={51},
  pages={1804771},
  year={2018},
  publisher={Wiley Online Library}
}

@article{fu2019tailoring,
  title={Tailoring the functionality of organic spacer cations for efficient and stable quasi-2D perovskite solar cells},
  author={Fu, Weifei and Liu, Hongbin and Shi, Xueliang and Zuo, Lijian and Li, Xiaosong and Jen, Alex K-Y},
  journal={Adv. Funct. Mater.},
  volume={29},
  number={25},
  pages={1900221},
  year={2019},
  publisher={Wiley Online Library}
}


@article{volk,
  title={Time-controlled colloidal superstructures: Long-range plasmon resonances coupling in particle monolayers},
  author={Volk, K. and Fitzgerald, P.S. and Retsch, M. and Karg, M.},
  journal={Adv. Mater.},
  volume={27},
  pages={7332-7337},
  year={2015},
  publisher={Wiley Online Library}
}

@article{magnozzi,
  title={Plasmonics of Au/polymer core/shell nanocomposites for
thermoresponsive hybrid metasurfaces},
  author={Magnozzi, M. and Brasse, Y. and K\"oning, T.A.F. and Bisio, F. and Bittrich, E. and Fery, A. and Canepa, M.},
  journal={ACS Appl. Nano Mater.},
  volume={3},
  pages={1674−1682},
  year={2020},
  publisher={ACS}
}



@article{sercel2019exciton,
  title={Exciton fine structure in perovskite nanocrystals},
  author={Sercel, Peter C and Lyons, John L and Wickramaratne, Darshana and Vaxenburg, Roman and Bernstein, Noam and Efros, Alexander L},
  journal={Nano  Lett.},
  volume={19},
  number={6},
  pages={4068--4077},
  year={2019},
  publisher={ACS Publications}
}

